@PREAMBLE{
 "\providecommand{\noopsort}[1]{}" 
 # "\providecommand{\singleletter}[1]{#1}%" 
}

@article{Stancari:1637929,
  author        = {Stancari, G. and Annala, G. and Johnson, T.R. and
                   Previtali, V. and Still, D. and Assmann, R.W. and Bruce, R.
                   and Burkart, F. and Redaelli, S. and Salvachua, B. and
                   Valentino, G.},
  title         = {{Measurements of the effect of collisions on transverse
                   beam halo diffusion in the Tevatron and in the LHC}},
  archiveprefix = {arXiv},
  eprint        = {1312.5007},
  reportnumber  = {FERMILAB-CONF-13-054-APC, FERMILAB-CONF-13-054-APC},
  pages         = {83-86. 4 p},
  year          = {2014},
  url           = {https://cds.cern.ch/record/1637929},
  note          = {Proceedings of the ICFA Mini-Workshop on Beam-beam Effects in Hadron
                   Colliders (BB2013), Geneva, Switzerland, 18-22 March 2013},
  doi           = {10.5170/CERN-2014-004.83}
}

@techreport{Burnod:205343,
  author       = {Burnod, L. and Ferioli, G. and Jeanneret, J. B.},
  title        = {{Drift speed measurements of the halo in the SPS
                  collider}},
  institution  = {CERN},
  address      = {Geneva},
  reportnumber = {CERN-LHC-Note-117, CERN-SL-90-01-EA, LHC-NOTE-117},
  year         = {1990},
  url          = {http://cds.cern.ch/record/205343}
}

@thesis{Meddahi:223301,
  author = {Meddahi, M.},
  title  = {{Effets faisceau-faisceau dans le collisionneur
            protons-antiprotons du SPS}},
  year   = {1991},
  url    = {http://cds.cern.ch/record/223301},
  note   = {Presented on 23 May 1991}
}

@inproceedings{stancari:ipac11-tupz033,
  author    = {G. Stancari and G. Annala and T. R. Johnson and D. A. Still and A. Valishev},
  title     = {{Measurements of Transverse Beam Diffusion Rates in the Fermilab Tevatron Collider}},
  booktitle = {Proc. IPAC'11},
  pages     = {1882--1884},
  paper     = {TUPZ033},
  venue     = {San Sebastian, Spain, Sep. 2011},
  publisher = {JACoW Publishing, Geneva, Switzerland},
  url       = {https://jacow.org/IPAC2011/papers/TUPZ033.pdf},
  language  = {english}
}

@inproceedings{flilleriii:pac03-rpag004,
  author    = {R. Fliller III and A. Drees and D. Gassner and G. McIntyre and S. Peggs and D. Trbojevic},
  title     = {{Beam Diffusion Measurements at RHIC}},
  booktitle = {Proc. PAC'03},
  pages     = {2904--2906},
  paper     = {RPAG004},
  venue     = {Portland, OR, USA},
  year      = {2003},
  publisher = {JACoW Publishing, Geneva, Switzerland},
  url       = {https://jacow.org/p03/papers/RPAG004.pdf},
  language  = {english},
  doi       = {10.1109/PAC.2003.1289761}
}

@inproceedings{montanari:ipac22-mopost043,
  author    = {C. E. Montanari and A. Bazzani and M. Giovannozzi and A. A. Gorzawski and S. Redaelli},
  title     = {{Testing the Global Diffusive Behaviour of Beam-Halo Dynamics at the CERN LHC Using Collimator Scans}},
  booktitle = {Proc. IPAC'22},
  pages     = {172--175},
  paper     = {MOPOST043},
  venue     = {Bangkok, Thailand},
  series    = {International Particle Accelerator Conference},
  number    = {13},
  publisher = {JACoW Publishing, Geneva, Switzerland},
  month     = {7},
  year      = {2022},
  issn      = {2673-5490},
  isbn      = {978-3-95-450227-1},
  doi       = {10.18429/JACoW-IPAC2022-MOPOST043},
  language  = {english}
}

@article{PhysRevSTAB.5.074001,
  title     = {Estimates of diffusion due to long-range beam-beam collisions},
  author    = {Papaphilippou, Y. and Zimmermann, F.},
  journal   = {Phys. Rev. ST Accel. Beams},
  volume    = {5},
  issue     = {7},
  pages     = {074001},
  numpages  = {12},
  year      = {2002},
  month     = {7},
  publisher = {American Physical Society},
  doi       = {10.1103/PhysRevSTAB.5.074001},
  url       = {https://link.aps.org/doi/10.1103/PhysRevSTAB.5.074001}
}

@article{PhysRevSTAB.15.101001,
  title     = {Anomalous beam diffusion near beam-beam synchrobetatron resonances},
  author    = {Sen, T.},
  journal   = {Phys. Rev. ST Accel. Beams},
  volume    = {15},
  issue     = {10},
  pages     = {101001},
  numpages  = {15},
  year      = {2012},
  month     = {10},
  publisher = {American Physical Society},
  doi       = {10.1103/PhysRevSTAB.15.101001},
  url       = {https://link.aps.org/doi/10.1103/PhysRevSTAB.15.101001}
}

@article{PhysRevLett.77.1051,
  title     = {Diffusion due to Beam-Beam Interaction and Fluctuating Fields in Hadron Colliders},
  author    = {Sen, T. and Ellison, J. A.},
  journal   = {Phys. Rev. Lett.},
  volume    = {77},
  issue     = {6},
  pages     = {1051--1054},
  numpages  = {0},
  year      = {1996},
  month     = {8},
  publisher = {American Physical Society},
  doi       = {10.1103/PhysRevLett.77.1051},
  url       = {https://link.aps.org/doi/10.1103/PhysRevLett.77.1051}
}

@article{PhysRevLett.68.33,
  title     = {Measurements of a Hamiltonian system and their description by a diffusive model},
  author    = {Chen, T. and Gerasimov, A. and Cole, B. and Finley, D. and Goderre, G. and Harrison, M. and Johnson, R. and Kourbanis, I. and Manz, C. and Merminga, N. and Michelotti, L. and Peggs, S. and Pilat, F. and Pruss, S. and Saltmarsh, C. and Saritepe, S. and Satogata, T. and Talman, R. and Trahern, C. G. and Tsironis, G.},
  journal   = {Phys. Rev. Lett.},
  volume    = {68},
  issue     = {1},
  pages     = {33--36},
  numpages  = {0},
  year      = {1992},
  month     = {1},
  publisher = {American Physical Society},
  doi       = {10.1103/PhysRevLett.68.33},
  url       = {https://link.aps.org/doi/10.1103/PhysRevLett.68.33}
}

@article{zimmermann1994transverse,
  title   = {Transverse proton diffusion},
  author  = {Zimmermann, F.},
  journal = {Part. Accel.},
  volume  = {49},
  pages   = {67--104},
  year    = {1994},
  url     = {http://cds.cern.ch/record/274807}
}

@article{gerasimov1992applicability,
  author     = {Gerasimov,A.},
  doi        = {10.1063/1.45124},
  eprint     = {https://aip.scitation.org/doi/pdf/10.1063/1.45124},
  journal    = {AIP Conference Proceedings},
  number     = {1},
  pages      = {375-384},
  title      = {The applicability of diffusion phenomenology to particle losses in hadron colliders},
  url        = {https://aip.scitation.org/doi/abs/10.1063/1.45124},
  volume     = {292},
  year       = {1992},
  bdsk-url-1 = {https://aip.scitation.org/doi/abs/10.1063/1.45124},
  bdsk-url-2 = {https://doi.org/10.1063/1.45124}
}

@article{Bazzani9948,
  title   = {Diffusion in Hamiltonian systems with a small stochastic perturbation},
  journal = {Physica D: Nonlinear Phenomena},
  volume  = {76},
  number  = {1},
  pages   = {8-21},
  year    = {1994},
  issn    = {0167-2789},
  doi     = {https://doi.org/10.1016/0167-2789(94)90246-1},
  url     = {https://www.sciencedirect.com/science/article/pii/0167278994902461},
  author  = {A. Bazzani and S. Siboni and G. Turchetti}
}

@inproceedings{Bazzani:2019lse,
  author    = {Bazzani, A. and Mazzarisi, O. and Giovannozzi, M. and Maclean, E.},
  title     = {{Diffusion in stochastically perturbed Hamiltonian systems with applications to the recent LHC dynamic aperture experiments}},
  booktitle = {{Proceedings, 2017 Nonlinear Dynamics and Collective Effects (NOCE) workshop on Particle Beam Physics}: {Arcidosso, Italy, 19 \textendash{} 22 September 2017}},
  year      = {2019},
  editor    = {Chattopadhyay, S. and Cornacchia, M. and Di Mitri, S.},
  pages     = {70--85},
  publisher = {WSP},
  doi       = {10.1142/9789813279612_0005}
}

@article{PhysRevSTAB.11.084002,
  title     = {Parametrization of the driven betatron oscillation},
  author    = {Miyamoto, R. and Kopp, S.E. and Jansson, A. and Syphers, M.J.},
  journal   = {Phys. Rev. ST Accel. Beams},
  volume    = {11},
  issue     = {8},
  pages     = {084002},
  numpages  = {8},
  year      = {2008},
  month     = {8},
  publisher = {American Physical Society},
  doi       = {10.1103/PhysRevSTAB.11.084002},
  url       = {https://link.aps.org/doi/10.1103/PhysRevSTAB.11.084002}
}

@article{PhysRevAccelBeams.19.054001,
  title     = {Using ac dipoles to localize sources of beam coupling impedance},
  author    = {Biancacci, N. and Tom\'as, R.},
  journal   = {Phys. Rev. Accel. Beams},
  volume    = {19},
  issue     = {5},
  pages     = {054001},
  numpages  = {7},
  year      = {2016},
  month     = {5},
  publisher = {American Physical Society},
  doi       = {10.1103/PhysRevAccelBeams.19.054001},
  url       = {https://link.aps.org/doi/10.1103/PhysRevAccelBeams.19.054001}
}

@article{PhysRevAccelBeams.22.031002,
  title     = {First experimental demonstration of forced dynamic aperture measurements with {LHC} ac dipoles},
  author    = {Carlier, F.S. and Tom\'as, R. and Maclean, E.H. and Persson, T.H.B.},
  journal   = {Phys. Rev. Accel. Beams},
  volume    = {22},
  issue     = {3},
  pages     = {031002},
  numpages  = {13},
  year      = {2019},
  month     = {3},
  publisher = {American Physical Society},
  doi       = {10.1103/PhysRevAccelBeams.22.031002},
  url       = {https://link.aps.org/doi/10.1103/PhysRevAccelBeams.22.031002}
}

@article{PhysRevSTAB.16.071002,
  title     = {Direct amplitude detuning measurement with ac dipole},
  author    = {White, S. and Maclean, E. and Tom\'as, R.},
  journal   = {Phys. Rev. ST Accel. Beams},
  volume    = {16},
  issue     = {7},
  pages     = {071002},
  numpages  = {12},
  year      = {2013},
  month     = {7},
  publisher = {American Physical Society},
  doi       = {10.1103/PhysRevSTAB.16.071002},
  url       = {https://link.aps.org/doi/10.1103/PhysRevSTAB.16.071002}
}

@article{PhysRevSTAB.8.024401,
  title     = {Adiabaticity of the ramping process of an ac dipole},
  author    = {Tom\'as, R.},
  journal   = {Phys. Rev. ST Accel. Beams},
  volume    = {8},
  issue     = {2},
  pages     = {024401},
  numpages  = {7},
  year      = {2005},
  month     = {2},
  publisher = {American Physical Society},
  doi       = {10.1103/PhysRevSTAB.8.024401},
  url       = {https://link.aps.org/doi/10.1103/PhysRevSTAB.8.024401}
}

@techreport{peggstang,
  author      = {Peggs, S. and Tang, C.},
  title       = {{Nonlinear diagnostics using an AC dipole}},
  institution = {Brookhaven National Laboratories},
  year        = {1998},
  type        = {Report No.},
  number      = {RHIC/AP/159},
  url         = {https://www.rhichome.bnl.gov/RHIC/RAP/rhic_notes/RHIC-AP-1-177/RHIC-AP-159.pdf}
}

@inproceedings{bei1999beam,
  title        = {Beam manipulation with an {RF} dipole},
  author       = {Bai, M.},
  booktitle    = {Proceedings of the 1999 Particle Accelerator Conference (Cat. No. 99CH36366)},
  volume       = {1},
  pages        = {387--391},
  year         = {1999},
  organization = {IEEE}
}

@unpublished{our_paper4,
  author = {Bazzani, A. and Capoani, F. and Giovannozzi, M.},
  title  = {Analysis of adiabatic trapping phenomena for quasi-integrable area-preserving maps in the presence of time-dependent exciters},
  note   = {In preparation}
}

@unpublished{our_paper3,
  author = {Giovannozzi, M. and Huang, L. and Huschauer, A. and Franchi, A.},
  title  = {A novel non-adiabatic approach to transition crossing in a circular hadron accelerator},
  note   = {In preparation}
}

@inproceedings{Garoby:1998kea,
  author    = {Garoby, R.},
  title     = {{Bunch Merging and Splitting Techniques in the Injectors for High Energy Hadron Colliders}},
  pages     = {172--174},
  booktitle = {{17th International Conference on High-Energy Accelerators}},
  editor    = {Meshkov, I. N.},
  publisher = {Joint Inst. Nucl. Res.},
  address   = {Dubna},
  year      = {1998}
}


@inproceedings{Garoby:EPAC00-WEOAF102,
  author    = {R. Garoby and S. Hancock and J. L. Vallet},
  title     = {Demonstration of Bunch Triple Splitting in the {CERN} {PS}},
  booktitle = {Proc. 7th European Particle Accelerator Conf. (EPAC'00)},
  pages     = {304--306},
  paper     = {WEOAF102},
  venue     = {Vienna, Austria},
  publisher = {JACoW Publishing},
  month     = {6},
  year      = {2000},
  language  = {english}
}

@article{PhysRevE.49.2484,
  title     = {Theoretical study of longitudinal beam splitting and related phenomena},
  author    = {Ellison, J. A. and Shih, H.-J. and Kummer, M.},
  journal   = {Phys. Rev. E},
  volume    = {49},
  issue     = {3},
  pages     = {2484--2487},
  numpages  = {0},
  year      = {1994},
  month     = {3},
  publisher = {American Physical Society},
  doi       = {10.1103/PhysRevE.49.2484},
  url       = {https://link.aps.org/doi/10.1103/PhysRevE.49.2484}
}

@inproceedings{Laxdal:EPAC92,
  author    = {R. E. Laxdal and W. Joho},
  title     = {Longitudinal Splitting of Bunches in a Cyclotron by Superposition of Different RF Harmonics},
  booktitle = {Proc. 3rd European Particle Accelerator Conf. (EPAC'92)},
  pages     = {590--593},
  paper     = {},
  venue     = {Berlin, Germany},
  publisher = {JACoW Publishing},
  month     = {3},
  year      = {1992},
  language  = {english}
}

@techreport{Meot:703530,
  author       = {Méot, F and Tortschanoff, Theodor},
  title        = {{Combined function focusing, combined function superconducting dipole, for large hadron colliders}},
  institution  = {{CERN}},
  address      = {Geneva},
  reportnumber = {SL-Note-94-97-AP},
  year         = {1994},
  url          = {https://cds.cern.ch/record/703530},
  doi          = {10.17181/CERN.RMQD.9DSI}
}

@misc{TTandFZ,
  author = {Taylor, T. and Zimmermann, F.},
  title  = {{Private communication}},
  year   = {2021}
}

@article{Blewett1953TheCR,
  title   = {The Cosmotron?A Review},
  author  = {M. H. Blewett},
  journal = {Review of Scientific Instruments},
  year    = {1953},
  volume  = {24},
  pages   = {725-737}
}

@techreport{Schmidt:573082,
  author       = {Schmidt, F. and Forest, E. and McIntosh, E.},
  title        = {{Introduction to the polymorphic tracking code: Fibre bundles, polymorphic Taylor types and "Exact tracking"}},
  institution  = {{CERN}},
  address      = {Geneva},
  reportnumber = {{CERN}-SL-2002-044-AP, KEK-REPORT-2002-3},
  month        = {7},
  year         = {2002},
  url          = {https://cds.cern.ch/record/573082}
}

@inproceedings{Kashikhin:IPAC12-THPPD036,
  author    = {Kashikhin, V. and Alexahin, Y. and Mokhov, N.V. and Zlobin, A.V.},
  title     = {High-Field Combined-Function Magnets for a 1.51.5 TeV Muon Collider Storage Ring},
  booktitle = {Proc. 3rd Int. Particle Accelerator Conf. (IPAC'12)},
  pages     = {3587--3589},
  paper     = {THPPD036},
  year      = {2021},
  venue     = {New Orleans, LA, USA},
  publisher = {JACoW Publishing}
}
@book{ISRDR,
  title     = {{Report on the design study of Intersecting Storage Rings
               (ISR) for the {CERN} proton synchrotron}},
  publisher = {{CERN}},
  address   = {Geneva},
  year      = {1964},
  url       = {https://cds.cern.ch/record/110073},
  note      = {French version available}
}

@misc{devred,
  author = {{A. Devred}},
  title  = {{Private communication}},
  year   = {2020}
}

@inproceedings{Nakamoto2005,
  author    = {Nakamoto, T. and Ajima, Y. and Fujii, Y. and Higashi, N. and Ichikawa, A. and Kimura, N. and Kobayashi, T. and Makida, Y. and Ogitsu, T. and Ohhata, H. and Okamura, T. and Sasaki, K. and Takasaki, M. and Tanaka, K. and Terashima, A. and Tomaru, T. and Yamamoto, A. and Anerella, M. and Ganetis, G. and Gupta, R. and Harrison, M. and Jain, A. and Muratore, J. and Parker, B. and Wanderer, P. and Obana, T. and Fujii, T. and Hashiguchi, E. and Kanahara, T. and Orikasa, T.},
  booktitle = {Proceedings of the 2005 Particle Accelerator Conference},
  title     = {Development of Superconducting Combined Function Magnets for the Proton Transport Line for the J-PARC Neutrino Experiment},
  year      = {2005},
  volume    = {},
  number    = {},
  pages     = {495-499},
  doi       = {10.1109/PAC.2005.1590479}
}

@inproceedings{Zlobin2007,
  author    = {Kashikhin, V. V. and Zlobin, A. V.},
  booktitle = {2007 IEEE Particle Accelerator Conference (PAC)},
  title     = {Design study of 2-in-1 large-aperture ir dipole (D2) for the {LHC} luminosity upgrade},
  year      = {2007},
  volume    = {},
  number    = {},
  pages     = {464-466},
  doi       = {10.1109/PAC.2007.4440246}
}

@proceedings{Yamazaki:2003wr,
  editor       = {Yamazaki, Y. and others},
  title        = {{Accelerator technical design report for J-PARC}},
  reportnumber = {KEK-REPORT-2002-13, JAERI-TECH-2003-044, J-PARC-03-01},
  month        = {3},
  year         = {2003}
}
@article{Ogitsu2005,
  author  = {Ogitsu, T. and Ajima, Y. and Anerella, M. and Escallier, J. and Ganetis, G. and Gupta, R. and Hagedorn, D. and Harrison, M. and Higashi, N. and Iwamoto, Y. and Ichikawa, A. and Jain, A. and Kimura, N. and Kobayashi, T. and Makida, Y. and Muratore, J. and Nakamoto, T. and Obana, T. and Ohhata, H. and Parker, B. and Sasaki, K. and Takasaki, M. and Tanaka, K. and Terashima, A. and Tomaru, T. and Wanderer, P. and Yamamoto A.},
  journal = {IEEE Transactions on Applied Superconductivity},
  title   = {Superconducting Combined Function Magnet System
             for J-PARC Neutrino Experiment},
  year    = {2005},
  volume  = {15},
  number  = {2},
  pages   = {1175-1180},
  doi     = {10.1109/TASC.2016.2523060}
}

@article{Farinon2016,
  author  = {Farinon, S. and Fabbricatore, P. and Curreli, S. and Todesco, E.},
  journal = {IEEE Transactions on Applied Superconductivity},
  title   = {The Design of Superconducting Separation Dipoles D2 for the High Luminosity Upgrade of {LHC}},
  year    = {2016},
  volume  = {26},
  number  = {4},
  pages   = {1-4},
  doi     = {10.1109/TASC.2016.2523060}
}

@article{PhysRevSTAB.9.102401,
  title     = {Electromagnetic design of superconducting quadrupoles},
  author    = {Rossi, L. and Todesco, E.},
  journal   = {Phys. Rev. ST Accel. Beams},
  volume    = {9},
  issue     = {10},
  pages     = {102401},
  numpages  = {20},
  year      = {2006},
  month     = {10},
  publisher = {American Physical Society},
  doi       = {10.1103/PhysRevSTAB.9.102401},
  url       = {https://link.aps.org/doi/10.1103/PhysRevSTAB.9.102401}
}

@book{BejarAlonso:2749422,
  author    = {Béjar Alonso, I. and Brüning, O. and Fessia, P. and Rossi, L. and Tavian, L. and Zerlauth, M.},
  title     = {{High-Luminosity Large Hadron Collider ({HL--LHC}): Technical
               design report}},
  publisher = {{CERN}},
  address   = {Geneva},
  series    = {{CERN} Yellow Reports: Monographs},
  year      = {2020},
  url       = {https://cds.cern.ch/record/2749422},
  doi       = {10.23731/CYRM-2020-0010}
}

@article{PhysRevAccelBeams.22.071002,
  title     = {Refined betatron tune measurements by mixing beam position data},
  author    = {Zisopoulos, P. and Papaphilippou, Y. and Laskar, J.},
  journal   = {Phys. Rev. Accel. Beams},
  volume    = {22},
  issue     = {7},
  pages     = {071002},
  numpages  = {17},
  year      = {2019},
  month     = {7},
  publisher = {American Physical Society},
  doi       = {10.1103/PhysRevAccelBeams.22.071002},
  url       = {https://link.aps.org/doi/10.1103/PhysRevAccelBeams.22.071002}
}

@article{Laskar2003,
  title   = {Frequency map analysis and quasiperiodic decompositions},
  author  = {J. Laskar},
  journal = {arXiv: Dynamical Systems},
  year    = {2003}
}

@article{papaphilippou2014,
  title   = {Detecting chaos in particle accelerators through the frequency map analysis method},
  journal = {Chaos},
  volume  = {24},
  number  = {2},
  pages   = {024412},
  year    = {2014},
  author  = {Y. Papaphilippou},
  doi     = {10.1063/1.4884495}
}

@unpublished{our_paper2,
  author = {Bazzani, A. and Capoani, F. and Giovannozzi, M. and Tom\'as, R.},
  title  = {Nonlinear cooling of an annular beam distribution},
  note   = {In preparation}
}

@techreport{Bertone:1697680,
  author       = {Bertone, C and Borburgh, J and Bodart, D and Brown, R and
                  Burger, S and Damjanovic, S and Demarest, P and Fernandez
                  Ortega, R and Ferreira Somoza, JA and Gerard, D and Gibson,
                  S and Gilardoni, S and Giovannozzi, M and Le Godec, G and
                  Hernalsteens, C and Hourican, M and Jurado, N and Lacroix,
                  J M and Mataguez, S and Métral, G and Pasquino, C and
                  Perez-Duenas, E and Persichelli, S and Salvant, B and
                  Steerenberg, R and Van Trappen, P},
  title        = {{Studies and implementation of the {PS} dummy septum to
                  mitigate irradiation of magnetic septum in straight section
                  16}},
  institution  = {{CERN}},
  address      = {Geneva},
  reportnumber = {{CERN}-ACC-2014-0043},
  month        = {4},
  year         = {2014}
}

@article{Bartosik:1463324,
  author       = {Bartosik, H and Bodart, D and Borburgh, J and Brown, R and
                  Damjanovic, S and Gilardoni, S and Giovannozzi, M and
                  Goddard, B and Hernalsteens, C and Hourican, M and
                  Widorski, M},
  title        = {{Proposal of a Dummy Septum to Mitigate ring irradiation
                  for the {CERN} {PS} Multi-Turn Extraction}},
  journal      = {Conf. Proc.},
  reportnumber = {{CERN}-ATS-2012-165},
  volume       = {C1205201},
  pages        = {MOPPD059. 3 p},
  month        = {5},
  year         = {2012}
}

@article{DeLellis2015,
  title     = {Search for Hidden Particles (SHiP): a new experiment proposal},
  volume    = {263?264},
  issn      = {2405-6014},
  url       = {https://www.sciencedirect.com/science/article/pii/S2405601415003041},
  doi       = {10.1016/j.nuclphysbps.2015.04.013},
  number    = {12},
  journal   = {Nucl. Part. Phys. Proc.},
  publisher = {IOP Publishing},
  author    = {De Lellis, G.},
  year      = {2015},
  month     = {10},
  pages     = {71-76}
}

@article{Alekhin_2016,
  title     = {A facility to search for hidden particles at the {CERN} {SPS}: the SHiP physics case},
  volume    = {79},
  issn      = {1361-6633},
  url       = {http://dx.doi.org/10.1088/0034-4885/79/12/124201},
  doi       = {10.1088/0034-4885/79/12/124201},
  number    = {12},
  journal   = {Rep. Prog. Phys.},
  publisher = {IOP Publishing},
  author    = {Alekhin, S. and Altmannshofer, W. and Asaka, T. and Batell, B. and Bezrukov, F. and Bondarenko, K. and Boyarsky, A. and Choi, K.-Y. and Corral, C. and Craig, N. and et al.},
  year      = {2016},
  month     = {10},
  pages     = {124201}
}

@misc{madx,
  title        = {{MAD - Methodical Accelerator Design}},
  howpublished = {\url{https://mad.web.cern.ch/mad/}}
}

@techreport{Meller:1987ug,
  author       = {Meller, R. E. and Chao, A. W. and Peterson, J. M. and Peggs, S. G. and Furman, M.},
  title        = {{Decoherence of Kicked Beams}},
  number       = {SSC-N-360},
  reportnumber = {SSC-N-360},
  month        = {5},
  year         = {1987}
}

@unpublished{our_paper1,
  author = {Franchetti, G. and Giovannozzi, M. and Russo, G.},
  title  = {New approaches for the tune determination in beam dynamics},
  note   = {In preparation}
}

@book{King:1625311,
  author    = {King, Frederick W},
  title     = {{Hilbert transforms}},
  publisher = {Cambridge University Press},
  address   = {Cambridge},
  series    = {Encyclopedia of mathematics and its applications},
  year      = {2009}
}

@book{Hahn:317137,
  author    = {Hahn, Stefa L},
  title     = {{Hilbert transforms in signal processing}},
  publisher = {Artech House},
  address   = {London},
  year      = {1996}
}

@inproceedings{Laskar1999,
  editor       = {Simó, Carles},
  booktitle    = {Hamiltonian Systems with Three or More Degrees of Freedom},
  organization = {Springer},
  publisher    = {Springer},
  address      = {Dordrecht},
  year         = {1999},
  doi          = {10.1007/978-94-011-4673-9},
  title        = {Introduction to Frequency Map Analysis},
  pages        = {134 --- 150},
  author       = {J. Laskar}
}

@inbook{yorke2016b,
  editor    = {Skiadas, Christos},
  booktitle = {The foundations of chaos revisited from Poincaré to
               recent advancements},
  publisher = {Springer},
  address   = {Cham},
  series    = {Understanding complex systems},
  year      = {2016},
  doi       = {10.1007/978-3-319-29701-9},
  title     = {Quasiperiodicity: Rotation Numbers},
  pages     = {103 --- 118},
  author    = {S. Das and Y. Saiki and E. Sander and J.A. Yorke}
}

@article{yorke2016,
  title   = {Measuring quasiperiodicity},
  journal = {EPL},
  volume  = {114},
  pages   = {40005},
  year    = {2016},
  author  = {S. Das and C.B. Dock and Y. Saiki and M. Salgado-Flores and E. Sander and J. Wu and J.A. Yorke}
}

@article{yorke2017,
  title   = {Quantitative quasiperiodicity},
  journal = {Nonlinearity},
  volume  = {30},
  number  = {11},
  pages   = {4111 --- 4140},
  year    = {2017},
  author  = {S. Das and Y. Saiki and E. Sander and J.A. Yorke}
}

@article{yorke2018,
  title   = {Super convergence of ergodic averages for quasiperiodic orbits},
  journal = {Nonlinearity},
  volume  = {31},
  number  = {2},
  pages   = {491 --- 501},
  year    = {2018},
  author  = {S. Das and J.A. Yorke}
}

@article{SANDER2020132569,
  author     = {E. Sander and J.D. Meiss},
  doi        = {https://doi.org/10.1016/j.physd.2020.132569},
  issn       = {0167-2789},
  journal    = {Physica D: Nonlinear Phenomena},
  pages      = {132569},
  title      = {Birkhoff averages and rotational invariant circles for area-preserving maps},
  url        = {https://www.sciencedirect.com/science/article/pii/S016727891930836X},
  volume     = {411},
  year       = {2020},
  bdsk-url-1 = {https://www.sciencedirect.com/science/article/pii/S016727891930836X},
  bdsk-url-2 = {https://doi.org/10.1016/j.physd.2020.132569}
}

@misc{NLBD_movies1,
  author       = {R. Tom\'as},
  title        = {{Cooling an annular beam with resonances}},
  howpublished = {Available at https://indico.cern.ch/event/966240/}
}

@misc{NLBD_movies,
  author       = {F. Capoani},
  title        = {{Latest results on cooling an annular beam distribution}},
  howpublished = {Available at https://indico.cern.ch/event/1014203/}
}

@article{neish1975,
  title   = {Passage through a separatrix in a resonance problem with a slowly-varying parameter},
  journal = {Journal of Applied Mathematics and Mechanics},
  volume  = {39},
  number  = {4},
  pages   = {594 --- 605},
  year    = {1975},
  issn    = {0021-8928},
  doi     = {10.1016/0021-8928(75)90060-X},
  author  = {Neishtadt, A.I.}
}

@article{Neishtadt2013,
  author  = {Neishtadt, A.I. and Vasil'ev, A.A.
             and Artem'ev, A.V.},
  title   = {Capture into resonance and escape from it in a forced nonlinear pendulum},
  journal = {Regular and Chaotic Dynamics},
  year    = {2013},
  volume  = {18},
  number  = {6},
  pages   = {686--696},
  issn    = {1468-4845},
  doi     = {10.1134/S1560354713060087}
}

@article{PhysRevSTAB.5.054001,
  title     = {Normal form of particle motion under the influence of an ac dipole},
  author    = {Tom\'as, R.},
  journal   = {Phys. Rev. ST Accel. Beams},
  volume    = {5},
  issue     = {5},
  pages     = {054001},
  numpages  = {7},
  year      = {2002},
  publisher = {American Physical Society},
  doi       = {10.1103/PhysRevSTAB.5.054001},
  url       = {https://link.aps.org/doi/10.1103/PhysRevSTAB.5.054001}
}

@unpublished{our_paper,
  author = {Bazzani, A. and Capoani, F. and Giovannozzi, M. and Neishtadt, A.I.},
  title  = {On the adiabaticity of emittance exchange due to crossing of the coupling resonance},
  note   = {In preparation}
}

@article{MDPI_ML,
  author         = {Giovannozzi, M. and Maclean, E. and Montanari, C.E. and Valentino, G. and Van der Veken, F.F.},
  title          = {Machine Learning Applied to the Analysis of Nonlinear Beam Dynamics Simulations for the {CERN} Large Hadron Collider and Its Luminosity Upgrade},
  journal        = {Information},
  volume         = {12},
  year           = {2021},
  number         = {2},
  article-number = {53},
  url            = {https://www.mdpi.com/2078-2489/12/2/53},
  issn           = {2078-2489},
  doi            = {10.3390/info12020053}
}

@book{Giovannozzi:987493,
  author        = {Giovannozzi, M. and Barnes, M.J. and Berrig, O.E. and
                   Beuret, A. and Borburgh, J. and Bourquin, P. and Brown, R. and Burnet, J.-P. and Caspers, F. and Cravero, J.-M.
                   and Dobers, T. and Fowler, T. and Gilardoni, S.S. and
                   Hourican, M. and Kalbreier, W. and Kroyer, T. and Di Maio,
                   F. and Martini, M. and Mertens, V. and Métral, E. and
                   Metzmacher, K.D. and Rossi, C. and Royer, J.-P. and Sermeus, L. and Steerenberg, R. and Villiger, G. and Zickler, T.},
  title         = {{The {CERN} {PS} multi-turn extraction based on beam
                   splittting in stable islands of transverse phase space:
                   Design Report}},
  publisher     = {{CERN}},
  collaboration = {{PS} Multi-Turn Extraction Study Group},
  address       = {Geneva},
  series        = {{CERN} Yellow Reports: Monographs},
  year          = {2006},
  doi           = {10.5170/CERN-2006-011}
}

@article{Tollestrup:1141042,
  author  = {Tollestrup, A.V. and Todesco, E.},
  title   = {{The Development of Superconducting Magnets for Use in
             Particle Accelerators: From the Tevatron to the LHC}},
  journal = {Rev. Accel. Sci. Technol.},
  volume  = {1},
  pages   = {185-210. 27 p},
  year    = {2008},
  doi     = {10.1142/S1793626808000101}
}

@article{Christofilos,
  author  = {Christo?los, N.C.},
  title   = {{Focusing Systems for Ions and Electrons and Application in Magnetic
             Resonance Particle Accelerators}},
  journal = {unpublished manuscript},
  year    = {1950}
}

@article{doi:10.1119/1.1941877,
  author  = {Livingston, M.S.  and Blewett, J.P. },
  title   = {Particle Accelerators},
  journal = {American Journal of Physics},
  volume  = {30},
  number  = {12},
  pages   = {940-941},
  year    = {1962},
  doi     = {10.1119/1.1941877},
  url     = { 
             https://doi.org/10.1119/1.1941877},
  eprint  = { 
             https://doi.org/10.1119/1.1941877}
}

@inbook{Brown:2264406,
  author    = {Brown, K. and Giovannozzi, M. and Roser, T.},
  chapter   = {{The {PS} and {AGS}: The first strong focusing proton synchrotrons}},
  title     = {{Challenges and goals for accelerators in the XXI
               century}},
  publisher = {World Scientific},
  address   = {Hackensack, NJ},
  year      = {2016},
  doi       = {10.1142/8635#toc}
}

@inproceedings{Green,
  author    = {Green, G.K. and Courant, E.D.},
  title     = {{The Proton Synchrotron}},
  booktitle = {{Nuclear Instrumentation I / Instrumentelle Hilfsmittel der Kernphysik I. Encyclopedia of Physics / Handbuch der Physik, vol 8 / 44.}},
  publisher = {Springer},
  address   = {Berlin, Heidelberg},
  year      = {1959},
  doi       = {10.1007/978-3-642-45926-9_6}
}

@inbook{Roser,
  author    = {T. Roser and E. D. Courant},
  chapter   = {{The Cosmotron and the Bevatron: The ?rst GeV accelerators,}},
  title     = {{Challenges and goals for accelerators in the XXI
               century}},
  publisher = {World Scientific},
  address   = {Hackensack, NJ},
  year      = {2016},
  doi       = {10.1142/8635#toc}
}

@article{Courant:1241591,
  author = {Courant, E. D.},
  title  = {{Non-linearities in the AG synchrotron}},
  year   = {1956},
  doi    = {10.5170/CERN-1956-025.254}
}

@book{Regenstreif:214352,
  author    = {Regenstreif, E.},
  title     = {{The {CERN} Proton Synchrotron}},
  publisher = {{CERN}},
  address   = {Geneva},
  series    = {{CERN} Yellow Reports: Monographs},
  year      = {1959},
  note      = {French version published as {CERN} 58-06},
  doi       = {10.5170/CERN-1959-029}
}

@book{Regenstreif:102347,
  author    = {Regenstreif, E.},
  title     = {{The {CERN} Proton Synchrotron}},
  publisher = {{CERN}},
  address   = {Geneva},
  series    = {{CERN} Yellow Reports: Monographs},
  year      = {1960},
  note      = {French version published as {CERN} 59-26},
  doi       = {10.5170/CERN-1960-026}
}

@book{Regenstreif:278715,
  author    = {Regenstreif, E.},
  title     = {{The {CERN} Proton Synchrotron}},
  publisher = {{CERN}},
  address   = {Geneva},
  series    = {{CERN} Yellow Reports: Monographs},
  year      = {1962},
  note      = {French version published as {CERN} 61-09},
  doi       = {10.5170/CERN-1962-003}
}

@article{Regenstreif:342915,
  author  = {Regenstreif, E.},
  title   = {{The {CERN} proton synchrotron, 1}},
  journal = {Ned. T. Natuurk.},
  volume  = {25},
  pages   = {117-132},
  year    = {1959}
}

@article{Regenstreif:342916,
  author  = {Regenstreif, E.},
  title   = {{The {CERN} proton synchrotron, 2}},
  journal = {Ned. T. Natuurk.},
  volume  = {25},
  pages   = {149-159},
  year    = {1959}
}

@book{Burnet:1359959,
  author    = {Burnet, J.-P. and Carli, C. and Chanel, M. and Garoby, R. and Gilardoni, S. and Giovannozzi, M. and Hancock, S. and Haseroth, H. and Hübner, K. and Küchler, D. and Lewis, J. and Lombardi, A. and Manglunki, D. and Martini, M. and Maury, S. and Métral, E. and Möhl, D. and Plass, G. and Rinolfi, L. and Scrivens, R. and Steerenberg, R. and Steinbach, C. and Vretenar, M. and Zickler, T.},
  title     = {{Fifty years of the {CERN} Proton Synchrotron: Volume 1}},
  publisher = {{CERN}},
  address   = {Geneva},
  series    = {{CERN} Yellow Reports: Monographs},
  year      = {2011},
  doi       = {10.5170/CERN-2011-004}
}

@techreport{Metral:2199121,
  author       = {Métral, E. and Arduini, G. and Barranco Navarro, L. and Buffat, X. and Carver, L.R. and Iadarola, G. and Li, K.S.B. and Pieloni, T. and Romano, A. and Rumolo, G. and Salvant, B. and Schenk, M. and Tambasco, C. and Biancacci, N.},
  title        = {{Measurement and interpretation of transverse beam
                  instabilities in the {CERN} large hadron collider ({LHC}) and
                  extrapolations to {HL--LHC}}},
  institution  = {{CERN}},
  number       = {{CERN}-ACC-2016-0098},
  pages        = {TUAM2X01. 7 p},
  month        = {7},
  year         = {2016},
  reportnumber = {{CERN}-ACC-2016-0098},
  doi          = {10.18429/JACoW-HB2016-TUAM2X01}
}

@article{Fartoukh:1414744,
  author  = {Fartoukh, S. and Giovannozzi, M.},
  title   = {{Dynamic aperture computation for the as-built {CERN} Large Hadron Collider and impact of main dipoles sorting}},
  journal = {Nucl. Instrum. Methods Phys. Res., A},
  volume  = {671},
  pages   = {10-23},
  year    = {2011},
  doi     = {10.1016/j.nima.2011.12.052}
}

@techreport{Metral:529690,
  author       = {M\'etral, E.},
  title        = {{Simple theory of emittance sharing and exchange due to linear betatron coupling}},
  institution  = {{CERN}},
  address      = {Geneva},
  number       = {{CERN}-{PS}-2001-066-AE},
  year         = {2001},
  reportnumber = {{CERN}-{PS}-2001-066-AE}
}

@article{PhysRevAccelBeams.20.091001,
  title     = {Compensation of head-on beam-beam induced resonance driving terms and tune spread in the Relativistic Heavy Ion Collider},
  author    = {Fischer, W. and Gu, X. and Drees, K.A. and Liu, C. and Luo, Y. and Marusic, A. and Michnoff, R. and Miller, T.A. and Minty, M. and Montag, C. and Pikin, A.I. and Robert-Demolaize, G. and Schoefer, V. and Thieberger, P. and White, S.M.},
  journal   = {Phys. Rev. Accel. Beams},
  volume    = {20},
  issue     = {9},
  pages     = {091001},
  numpages  = {15},
  year      = {2017},
  month     = {9},
  publisher = {American Physical Society},
  doi       = {10.1103/PhysRevAccelBeams.20.091001},
  url       = {https://link.aps.org/doi/10.1103/PhysRevAccelBeams.20.091001}
}

@article{PhysRevSTAB.17.074001,
  title     = {First simultaneous measurement of sextupolar and octupolar resonance driving terms in a circular accelerator from turn-by-turn beam position monitor data},
  author    = {Franchi, A. and Farvacque, L. and Ewald, F. and Le Bec, G. and Scheidt, K. B.},
  journal   = {Phys. Rev. ST Accel. Beams},
  volume    = {17},
  issue     = {7},
  pages     = {074001},
  numpages  = {31},
  year      = {2014},
  month     = {7},
  publisher = {American Physical Society},
  doi       = {10.1103/PhysRevSTAB.17.074001},
  url       = {https://link.aps.org/doi/10.1103/PhysRevSTAB.17.074001}
}

@article{PhysRevSTAB.14.034002,
  title     = {Vertical emittance reduction and preservation in electron storage rings via resonance driving terms correction},
  author    = {Franchi, A. and Farvacque, L. and Chavanne, J. and Ewald, F. and Nash, B. and Scheidt, K. and Tom\'as, R.},
  journal   = {Phys. Rev. ST Accel. Beams},
  volume    = {14},
  issue     = {3},
  pages     = {034002},
  numpages  = {19},
  year      = {2011},
  month     = {3},
  publisher = {American Physical Society},
  doi       = {10.1103/PhysRevSTAB.14.034002},
  url       = {https://link.aps.org/doi/10.1103/PhysRevSTAB.14.034002}
}

@article{PhysRevSTAB.3.054001,
  title     = {Resonance families and their action on betatron motion},
  author    = {De Ninno, G. and Fanelli, D.},
  journal   = {Phys. Rev. ST Accel. Beams},
  volume    = {3},
  issue     = {5},
  pages     = {054001},
  numpages  = {8},
  year      = {2000},
  month     = {5},
  publisher = {American Physical Society},
  doi       = {10.1103/PhysRevSTAB.3.054001},
  url       = {https://link.aps.org/doi/10.1103/PhysRevSTAB.3.054001}
}

@article{PhysRevSTAB.8.024001,
  title     = {Measurement of global and local resonance terms},
  author    = {Tom\'as, R. and Bai, M. and Calaga, R. and Fischer, W. and Franchi, A. and Rumolo, G.},
  journal   = {Phys. Rev. ST Accel. Beams},
  volume    = {8},
  issue     = {2},
  pages     = {024001},
  numpages  = {7},
  year      = {2005},
  month     = {2},
  publisher = {American Physical Society},
  doi       = {10.1103/PhysRevSTAB.8.024001},
  url       = {https://link.aps.org/doi/10.1103/PhysRevSTAB.8.024001}
}

@article{PhysRevSTAB.10.034002,
  title     = {Driving term experiments at {CERN}},
  author    = {Benedikt, M. and Schmidt, F. and Tom\'as, R. and Ursch\"utz, P. and Faus-Golfe, A.},
  journal   = {Phys. Rev. ST Accel. Beams},
  volume    = {10},
  issue     = {3},
  pages     = {034002},
  numpages  = {19},
  year      = {2007},
  month     = {3},
  publisher = {American Physical Society},
  doi       = {10.1103/PhysRevSTAB.10.034002},
  url       = {https://link.aps.org/doi/10.1103/PhysRevSTAB.10.034002}
}

@article{Bartolini:292773,
  author  = {Bartolini, R. and Bazzani, A. and Giovannozzi, M. and
             Scandale, W. and Todesco, E.},
  title   = {{Tune evaluation in simulations and experiments}},
  journal = {Part. Accel.},
  volume  = {52},
  pages   = {147-177. 29 p},
  year    = {1995}
}

@article{Bartolini:316949,
  author  = {Bartolini, R. and Giovannozzi, M. and Scandale, W.
             and Bazzani, A. and Todesco, E.},
  title   = {{Precise measurement of the betatron tune}},
  journal = {Part. Accel.},
  volume  = {55},
  pages   = {1-10},
  year    = {1996}
}

@article{Hannay:1985,
  doi       = {10.1088/0305-4470/18/2/011},
  url       = {https://doi.org/10.1088/0305-4470/18/2/011},
  year      = 1985,
  publisher = {{IOP} Publishing},
  volume    = {18},
  pages     = {221--230},
  author    = {J.H. Hannay},
  title     = {Angle variable holonomy in adiabatic excursion of an integrable Hamiltonian},
  journal   = {J. Phys. A: Math. Gen.}
}
@article{Berry:1985,
  doi       = {10.1088/0305-4470/18/1/012},
  url       = {https://doi.org/10.1088/0305-4470/18/1/012},
  year      = 1985,
  publisher = {{IOP} Publishing},
  volume    = {18},
  pages     = {15--27},
  author    = {M.V. Berry},
  title     = {Classical adiabatic angles and quantal adiabatic phase},
  journal   = {J. Phys. A: Math. Gen.}
}

@article{Berry:1984,
  author    = {M.V. Berry},
  doi       = {0.1098/rspa.1984.0023},
  journal   = {Proc. R. Soc. Lond. A},
  pages     = {45?-57},
  publisher = {Royal Society},
  title     = {Quantal phase factors accompanying adiabatic changes},
  volume    = {392},
  year      = {1984}
}

@book{Arnold:937549,
  author    = {Arnol'd, V.I. and Kozlov, V.V. and Neishtadt, A.I.},
  title     = {{Mathematical aspects of classical and celestial
               mechanics. Dynamical systems III; 3rd rev. version}},
  publisher = {Springer},
  address   = {Heidelberg},
  series    = {Encyclopaedia of mathematical sciences},
  year      = {2006},
  doi       = {10.1007/978-3-540-48926-9}
}

@book{Bazzani:262179,
  author    = {Bazzani, A. and Servizi, G. and Todesco, E. and Turchetti, G.},
  title     = {{A normal form approach to the theory of nonlinear
               betatronic motion}},
  publisher = {{CERN}},
  address   = {Geneva},
  series    = {{CERN} Yellow Reports: Monographs},
  year      = {1994},
  doi       = {10.5170/CERN-1994-002}
}

@article{Birkhoff:1927a,
  author    = {Birkhoff, G.D.},
  doi       = {10.1007/BF02421325},
  journal   = {Acta Math.},
  pages     = {359--379},
  publisher = {Institut Mittag-Leffler},
  title     = {On the periodic motions of dynamical systems},
  url       = {https://doi.org/10.1007/BF02421325},
  volume    = {50},
  year      = {1927}
}

@article{Birkhoff:1927b,
  author  = {Birkhoff, G.D.},
  title   = {{Dynamical systems}},
  journal = {Amer. Math. Soc. Colloqium Publ.},
  volume  = {9},
  pages   = {295},
  year    = {1927}
}

@unpublished{2Dmanipulations,
  author = {Bazzani, A. and Capoani, F. and Giovannozzi, M.},
  title  = {{Manipulations of transverse invariants in 2D Hamiltonian systems}},
  note   = {{In preparation}}
}

@article{morbidelli1995connection,
  title     = {On a connection between {KAM} and {Nekhoroshev}'s theorems},
  author    = {Morbidelli, Alessandro and Giorgilli, Antonio},
  journal   = {Physica D},
  volume    = {86},
  number    = {3},
  pages     = {514--516},
  year      = {1995},
  publisher = {Elsevier},
  doi       = {10.1016/0167-2789(95)00199-E}
}

@incollection{froeschle1999weak,
  title     = {Weak chaos and diffusion in Hamiltonian systems},
  author    = {Froeschl{\'e}, C. and Lega, E.},
  booktitle = {The Dynamics of Small Bodies in the Solar System},
  pages     = {463--502},
  year      = {1999},
  publisher = {Springer},
  address   = {Berlin, Heidelberg},
  doi       = {10.1007/978-94-015-9221-5_46}
}

@article{Borburgh:2137954,
  author  = {Borburgh, J. and Damjanovic, S. and Gilardoni, S. and
             Giovannozzi, M. and Hernalsteens, C. and Hourican, M. and
             Huschauer, A. and Kahle, K. and Le Godec, G. and Michels, O.
             and Sterbini, G.},
  title   = {{First implementation of transversely split proton beams
             in the {CERN} Proton Synchrotron for the fixed-target physics
             programme}},
  journal = {EPL},
  number  = {3},
  volume  = {113},
  pages   = {34001. 6 p},
  year    = {2016},
  doi     = {10.1209/0295-5075/113/34001}
}

@article{Cui:2708898,
  author  = {Cui, X. and Gilardoni, S. and Giovannozzi, M. and
             Iadarola, G.},
  title   = {{Numerical simulations of electron-cloud build up in
             circular accelerators in the presence of
             multimode-distribution beams}},
  journal = {EPL},
  volume  = {129},
  pages   = {24003. 7 p},
  month   = {1},
  year    = {2020},
  doi     = {10.1209/0295-5075/129/24003}
}

@article{Vadai:2702852,
  author  = {Vadai, M. and Alomainy, A. and Damerau, H. and Gilardoni, S.
             and Giovannozzi, M. and Huschauer, A.},
  title   = {{Barrier bucket and transversely split beams for loss-free
             multi-turn extraction in synchrotrons}},
  journal = {EPL},
  number  = {1},
  volume  = {128},
  pages   = {14002. 7 p},
  year    = {2019},
  doi     = {10.1209/0295-5075/128/14002}
}

@techreport{Fartoukh:2293138,
  author       = {Fartoukh, S. and Giovannozzi, M. and Missiaen, D. and Todesco, E. and Zimmermann, F.},
  title        = {{Considerations on a Partial Energy Upgrade of the {LHC}}},
  institution  = {{CERN}},
  address      = {Geneva},
  number       = {ARIES-2017-001},
  month        = {10},
  year         = {2017},
  reportnumber = {ARIES-2017-001},
  doi          = {10.5281/zenodo.1048799}
}

@article{FCC-hhCDR,
  author  = {Abada, A. and Abbrescia, M. and AbdusSalam, S.S. and Abdyukhanov, I. and Abelleira Fernandez, J. and Abramov, A. and Aburaia, M.  and Acar, A.O. and Adzic, P.R.  and Agrawal P. and et al.},
  title   = {{FCC-hh: The Hadron Collider: Future Circular Collider
             Conceptual Design Report Volume 3. Future Circular
             Collider}},
  journal = {Eur. Phys. J. Spec. Top.},
  volume  = {228},
  pages   = {755-1107},
  year    = {2019},
  doi     = {10.1140/epjst/e2019-900087-0}
}

@article{HE-LHCCDR,
  author  = {Abada, A. and Abbrescia, M. and AbdusSalam, S.S. and Abdyukhanov, I. and Abelleira Fernandez, J. and Abramov, A. and Aburaia, M.  and Acar, A.O. and Adzic, P.R.  and Agrawal P. and et al.},
  title   = {{{HE--LHC}: The High-Energy Large Hadron Collider ? Future Circular Collider Conceptual Design Report Volume 4}},
  journal = {Eur. Phys. J. Spec. Top.},
  volume  = {228},
  pages   = {1109-1382},
  year    = {2019},
  doi     = {10.1140/epjst/e2019-900088-6}
}

@article{Courant:593259,
  author  = {Courant, E.D. and Snyder, H.S.},
  title   = {{Theory of the Alternating-Gradient Synchrotron}},
  journal = {Ann. Phys.},
  volume  = {3},
  pages   = {1-48},
  year    = {1958}
}

@article{PhysRev.91.202.2,
  title     = {Origin of the "Strong-Focusing" Principle},
  author    = {Courant, E. D. and Livingston, M. S. and Snyder, H. S. and Blewett, J. P.},
  journal   = {Phys. Rev.},
  volume    = {91},
  issue     = {1},
  pages     = {202--203},
  numpages  = {0},
  year      = {1953},
  month     = {7},
  publisher = {American Physical Society},
  doi       = {10.1103/PhysRev.91.202.2},
  url       = {https://link.aps.org/doi/10.1103/PhysRev.91.202.2}
}

@article{PhysRev.88.1190,
  title     = {The Strong-Focusing Synchroton---A New High Energy Accelerator},
  author    = {Courant, Ernest D. and Livingston, M. Stanley and Snyder, Hartland S.},
  journal   = {Phys. Rev.},
  volume    = {88},
  issue     = {5},
  pages     = {1190--1196},
  numpages  = {0},
  year      = {1952},
  month     = {12},
  publisher = {American Physical Society},
  doi       = {10.1103/PhysRev.88.1190},
  url       = {https://link.aps.org/doi/10.1103/PhysRev.88.1190}
}

@article{PhysRevLett.110.094801,
  title     = {Evolution of Beam Distribution in Crossing a {Walkinshaw} Resonance},
  author    = {Lee, S. Y. and Ng, K. Y. and Liu, H. and Chao, H. C.},
  journal   = {Phys. Rev. Lett.},
  volume    = {110},
  issue     = {9},
  pages     = {094801},
  numpages  = {4},
  year      = {2013},
  month     = {2},
  publisher = {American Physical Society},
  doi       = {10.1103/PhysRevLett.110.094801},
  url       = {https://link.aps.org/doi/10.1103/PhysRevLett.110.094801}
}

@article{PhysRevE.49.2347,
  title     = {Determination of the linear coupling resonance strength using two-dimensional invariant tori},
  author    = {Liu, J. Y. and Ball, M. and Brabson, B. and Budnick, J. and Caussyn, D. D. and Derenchuk, V. and East, G. and Ellison, M. and Friesel, D. and Hamilton, B. and Huang, H. and Jones, W. P. and Lee, S. Y. and Li, D. and Ng, K. Y. and Riabko, A. and Sloan, T. and Wang, Y.},
  journal   = {Phys. Rev. E},
  volume    = {49},
  issue     = {3},
  pages     = {2347--2352},
  numpages  = {0},
  year      = {1994},
  month     = {3},
  publisher = {American Physical Society},
  doi       = {10.1103/PhysRevE.49.2347},
  url       = {https://link.aps.org/doi/10.1103/PhysRevE.49.2347}
}

@book{Lee:2651939,
  author    = {Lee, S. Y.},
  title     = {{Accelerator physics; 4th ed.}},
  publisher = {World Scientific},
  address   = {Singapore},
  year      = {2019},
  doi       = {10.1142/11111}
}

@inproceedings{Nosochkov:IPAC18-MOPMF067,
  author    = {Y. M. Nosochkov et al.},
  title     = {Optimized Arc Optics for the {HE--LHC}},
  booktitle = {Proc. 9th Int. Particle Accelerator Conf. (IPAC'18)},
  pages     = {277--280},
  paper     = {MOPMF067},
  year      = {2018},
  venue     = {Vancouver, Canada},
  publisher = {JACoW Publishing},
  doi       = {doi:10.18429/JACoW-IPAC2018-MOPMF067},
  note      = {https://doi.org/10.18429/JACoW-IPAC2018-MOPMF067},
  url       = {http://accelconf.web.cern.ch/ipac2018/papers/MOPMF067.pdf},
  language  = {english}
}

@article{PhysRevAccelBeams.23.101602,
  title     = {Lattice and optics options for possible energy upgrades of the Large Hadron Collider},
  author    = {Keintzel, J. and Tom\'as, R. and Bruce, R. and Giovannozzi, M. and Risselada, T. and Zimmermann, F.},
  journal   = {Phys. Rev. Accel. Beams},
  volume    = {23},
  issue     = {10},
  pages     = {101602},
  numpages  = {19},
  year      = {2020},
  month     = {10},
  publisher = {American Physical Society},
  doi       = {10.1103/PhysRevAccelBeams.23.101602},
  url       = {https://link.aps.org/doi/10.1103/PhysRevAccelBeams.23.101602}
}

@article{ITIN2007108,
  author  = {Itin, A. and Vasiliev, A. and Krishna, G. and Watanabe, S.},
  year    = {2006},
  month   = {12},
  pages   = {108-115},
  title   = {Change in the adiabatic invariant in a nonlinear two-mode model of {Feshbach} resonance passage},
  volume  = {232},
  journal = {Physica D: Nonlinear Phenomena},
  doi     = {10.1016/j.physd.2007.06.001}
}

@inproceedings{tev1,
  title     = {Calculations of the Dynamic Aperture at the {T}evatron},
  author    = {Gelfand, N.~M.},
  booktitle = {Proc. of SSC Workshop on Accelerator Physics Issues for a Superconducting Super Collider},
  address   = {Ann Arbor (MI), USA},
  pages     = {124},
  year      = {1984}
}

@techreport{herap2,
  author      = {Zimmermann, F. and Willeke, F.},
  title       = {Long term stability and dynamic aperture of the {HERA} proton ring},
  year        = {1991},
  institution = {DESY},
  number      = {DESY-HERA-91-08}
}

@inproceedings{rhic,
  title     = {{Dynamic Aperture Evaluation at the Current Working Point for RHIC Polarized Proton Operation}},
  author    = {Luo, Y. and others},
  booktitle = {Proc. 22nd Particle Accelerator Conf. (PAC'07)},
  address   = {Albuquerque (NM), USA},
  pages     = {4363},
  year      = {2007},
  doi       = {10.1109/PAC.2007.4440104}
}

@inproceedings{fut2,
  title     = {{Optimization of Dynamic Aperture for Hadron Lattices in eRHIC}},
  author    = {Jing, Y.~C. and Litvinenko, V. and Trbojevic, D.},
  booktitle = {Proc. 6th Int. Particle Accelerator Conf. (IPAC'15)},
  address   = {Richmond (VA), USA},
  pages     = {757},
  year      = {2015},
  doi       = {doi:10.18429/JACoW-IPAC2015-MOPMN027}
}

@book{TDR,
  author       = {Apollinari, G. and B\'ejar Alonso, I. and Br\"uning, O. and Fessia, P. and Lamont, M. and Rossi, L. and Tavian, L.},
  title        = {{High-Luminosity Large Hadron Collider ({HL--LHC})}},
  publisher    = {{CERN}},
  address      = {Geneva},
  series       = {{CERN} Yellow Rep. Monogr.},
  year         = {2017},
  volume       = {4},
  reportnumber = {{CERN}-2017-007-M},
  doi          = {10.23731/CYRM-2017-004}
}

@inproceedings{fut7,
  title     = {Methods to Increase the Dynamic Aperture of the {FCC}-hh Lattice},
  author    = {Cruz Alaniz, E. and others},
  booktitle = {Proc. 9th Int. Particle Accelerator Conf. (IPAC'18)},
  address   = {Vancouver, Canada},
  pages     = {3593},
  year      = {2018},
  doi       = {doi:10.18429/JACoW-IPAC2018-THPAK145}
}

@article{da_and_losses,
  author  = {Giovannozzi, M.},
  title   = {A proposed scaling law for intensity evolution in hadron storage rings based on dynamic aperture variation with time},
  journal = {Phys. Rev. ST Accel. Beams},
  volume  = {15},
  year    = {2012},
  pages   = {024001},
  doi     = {10.1103/PhysRevSTAB.15.024001}
}

@article{dynap1,
  author  = {Giovannozzi, M. and Scandale, W. and Todesco, E.},
  title   = {Prediction of long-term stability in large hadron colliders},
  journal = {Part. Accel.},
  volume  = {56},
  year    = {1997},
  pages   = {195}
}

@article{invlog,
  author  = {Giovannozzi, M. and Scandale, W. and Todesco, E.},
  title   = {Dynamic aperture extrapolation in presence of tune modulation},
  journal = {Phys. Rev.},
  volume  = {E57},
  year    = {1998},
  pages   = {3432},
  doi     = {10.1103/PhysRevE.57.3432}
}

@article{KAM1,
  author  = {Kolmogorov, A.~N.},
  title   = {On the Conservation of Conditionally Periodic Motions under Small Perturbation of the Hamiltonian},
  journal = {Dokl. Akad. Nauk SSR},
  volume  = {98},
  year    = {1954},
  pages   = {527}
}

@article{KAM2,
  author  = {Moser, J.},
  title   = {On invariant curves of area-preserving mappings of an annulus},
  journal = {Nachr. Akad. Wiss. Göttingen Math.-Phys. Kl.},
  volume  = {II},
  year    = {1962},
  pages   = {1}
}

@article{KAM3,
  author  = {Arnold, V.I.},
  title   = {Proof of a theorem of A.N.~Kolmogorov on the preservation of conditionally periodic motions under a small perturbation of the Hamiltonian},
  journal = {Russ. Math. Surv.},
  volume  = {18},
  year    = {1963},
  pages   = {9}
}

@book{KAM4,
  author    = {Siegel, C.~L. and Moser, J.},
  title     = {Lectures in celestial mechanics},
  publisher = {Berlin Springer Verlag},
  address   = {Berlin, Germany},
  year      = {1971}
}

@incollection{Nekhoroshev:1971aa,
  author    = {Nekhoroshev, N.},
  title     = {Behavior of Hamiltonian systems close to integrable},
  booktitle = {Functional Analysis and Its Applications},
  volume    = {5},
  year      = {1971},
  pages     = {338},
  publisher = {Kluwer Academic Publishers-Plenum Publishers},
  doi       = {10.1007/BF01086753}
}

@article{Nekhoroshev:1977aa,
  author  = {Nekhoroshev, N.},
  title   = {An exponential estimate of the time of stability of nearly-integrable {H}amiltonian systems},
  journal = {Russ. Math. Surv.},
  volume  = {32},
  year    = {1977},
  pages   = {1},
  doi     = {10.1070/rm1977v032n06abeh003859}
}

@article{Bazzani:1990aa,
  author  = {Bazzani, A. and Marmi, S. and Turchetti, G.},
  title   = {Nekhoroshev estimate for isochronous non resonant symplectic maps},
  journal = {Cel. Mech.},
  volume  = {47},
  year    = {1990},
  pages   = {333},
  doi     = {10.1007/BF00051010}
}

@inproceedings{Turchetti:1990aa,
  author    = {Turchetti, G.},
  editor    = {Luck, Jean-Marc
               and Moussa, Pierre
               and Waldschmidt, Michel},
  title     = {Nekhoroshev Stability Estimates for Symplectic Maps and Physical Applications},
  booktitle = {Number Theory and Physics},
  year      = {1990},
  publisher = {Springer Berlin Heidelberg},
  address   = {Berlin, Heidelberg},
  pages     = {223--234},
  abstract  = {The Nekhoroshev stability estimates for symplectic maps of R2dare presented. After an illustration of the basic ideas in a simple hamiltonian model, the dynamics of a charged particle in the magnetic lattice of an accelerator is considered and it is shown to be conveniently described by a symplectic map. After recalling the basic properties of the Birkhoff normal forms, we state a general theorem on the stability of the orbits and sketch the proof. The factorial divergence of the Birkhoff series appears to arise from nonlinearity as well as from the divisors, and a functional equation with interesting analytic properties is obtained from the majorant series.},
  isbn      = {978-3-642-75405-0},
  doi       = {10.1007/978-3-642-75405-0_24}
}


@misc{sixtrack,
  author       = {De Maria, R. and others},
  title        = {{SixTrack ? 6D Tracking Code}},
  howpublished = {Available at \href{http://sixtrack.web.cern.ch/SixTrack/}{http://sixtrack.web.cern.ch/SixTrack/}}
}

@book{LHCDR,
  author    = {Br\"uning, O. S. and Collier, P. and Lebrun, Ph. and Myers, S. and Ostojic, R. and Poole, J. and Proudlock, P.},
  title     = {{{LHC} Design Report}},
  publisher = {{CERN}},
  address   = {Geneva},
  series    = {{CERN} Yellow Rep. Monogr.},
  year      = {2004},
  doi       = {10.5170/CERN-2004-003-V-1}
}

@article{Giovannozzi:2018wmm,
  author        = {Giovannozzi, Massimo and Van der Veken, Frederik F.},
  title         = {{Description of the luminosity evolution for the {CERN} {LHC} including dynamic aperture effects. Part I: the model}},
  journal       = {Nucl. Instrum. Methods Phys. Res.},
  volume        = {A905},
  year          = {2018},
  pages         = {171-179},
  doi           = {10.1016/j.nima.2019.01.072},
  note          = {[Erratum: Nucl. Instrum. Methods Phys. Res. A927,471(2019)]},
  eprint        = {1806.03058},
  archiveprefix = {arXiv},
  primaryclass  = {physics.acc-ph},
  slaccitation  = {%%CITATION = ARXIV:1806.03058;%%}
}

@article{Giovannozzi:2018igq,
  author        = {Giovannozzi, Massimo and Van der Veken, Frederik F.},
  title         = {{Description of the luminosity evolution for the {CERN} {LHC} including dynamic aperture effects. Part II: application to Run 1 data}},
  journal       = {Nucl. Instrum. Methods Phys. Res.},
  volume        = {A908},
  year          = {2018},
  pages         = {1-9},
  doi           = {10.1016/j.nima.2018.08.019},
  eprint        = {1806.03059},
  archiveprefix = {arXiv},
  primaryclass  = {physics.acc-ph},
  slaccitation  = {%%CITATION = ARXIV:1806.03059;%%}
}

@inproceedings{VanderVeken:2018sqp,
  author       = {Van der Veken, Frederik F. and Giovannozzi, Massimo},
  title        = {{Scaling Laws for the Time Dependence of Luminosity in Hadron Circular Accelerators based on Simple Models of Dynamic Aperture Evolution}},
  booktitle    = {Proc. 61st ICFA Advanced Beam Dynamics Workshop on High-Intensity and High-Brightness Hadron Beams (HB'18)},
  address      = {Daejeon, Korea},
  pages        = {260--265},
  year         = {2018},
  doi          = {10.18429/JACoW-HB2018-WEP2PO002},
  slaccitation = {%%CITATION = INSPIRE-1689715;%%}
}

@article{Bazzani:2019csk,
  title         = {Advances on the modeling of the time evolution of dynamic aperture of hadron circular accelerators},
  author        = {Bazzani, A. and Giovannozzi, M. and Maclean, E. H. and Montanari, C. E. and Van der Veken, F. F. and Van Goethem, W.},
  journal       = {Phys. Rev. Accel. Beams},
  volume        = {22},
  issue         = {10},
  pages         = {104003},
  numpages      = {18},
  year          = {2019},
  month         = {10},
  publisher     = {APS},
  eprint        = {1909.09516},
  archiveprefix = {arXiv},
  primaryclass  = {physics.acc-ph},
  doi           = {10.1103/PhysRevAccelBeams.22.104003},
  url           = {https://link.aps.org/doi/10.1103/PhysRevAccelBeams.22.104003}
}

@article{PhysRevAccelBeams.22.104003,
  title     = {Advances on the modeling of the time evolution of dynamic aperture of hadron circular accelerators},
  author    = {Bazzani, A. and Giovannozzi, M. and Maclean, E. H. and Montanari, C. E. and Van der Veken, F. F. and Van Goethem, W.},
  journal   = {Phys. Rev. Accel. Beams},
  volume    = {22},
  issue     = {10},
  pages     = {104003},
  numpages  = {18},
  year      = {2019},
  month     = {10},
  publisher = {American Physical Society},
  doi       = {10.1103/PhysRevAccelBeams.22.104003},
  url       = {https://link.aps.org/doi/10.1103/PhysRevAccelBeams.22.104003}
}

@article{PhysRevE.57.3432,
  title     = {Dynamic aperture extrapolation in the presence of tune modulation},
  author    = {Giovannozzi, M. and Scandale, W. and Todesco, E.},
  journal   = {Phys. Rev. E},
  volume    = {57},
  issue     = {3},
  pages     = {3432--3443},
  numpages  = {0},
  year      = {1998},
  month     = {3},
  publisher = {American Physical Society},
  doi       = {10.1103/PhysRevE.57.3432},
  url       = {https://link.aps.org/doi/10.1103/PhysRevE.57.3432}
}

@article{PhysRevLett.88.104801,
  title     = {Novel Method for Multiturn Extraction: Trapping Charged Particles in Islands of Phase Space},
  author    = {Cappi, R. and Giovannozzi, M.},
  journal   = {Phys. Rev. Lett.},
  volume    = {88},
  issue     = {10},
  pages     = {104801},
  numpages  = {4},
  year      = {2002},
  publisher = {American Physical Society},
  doi       = {10.1103/PhysRevLett.88.104801},
  url       = {https://link.aps.org/doi/10.1103/PhysRevLett.88.104801}
}

@article{PhysRevE.53.6403,
  title     = {Stability domain of planar symplectic maps using invariant manifolds},
  author    = {Giovannozzi, M.},
  journal   = {Phys. Rev. E},
  volume    = {53},
  issue     = {6},
  pages     = {6403--6412},
  numpages  = {0},
  year      = {1996},
  month     = {6},
  publisher = {American Physical Society},
  doi       = {10.1103/PhysRevE.53.6403},
  url       = {https://link.aps.org/doi/10.1103/PhysRevE.53.6403}
}

@article{PhysRevSTAB.6.010101,
  title     = {Electron cloud buildup and instability: Numerical simulations for the {CERN} Proton Synchrotron},
  author    = {Giovannozzi, M. and M\'etral, E. and M\'etral, G. and Rumolo, G. and Zimmermann, F.},
  journal   = {Phys. Rev. ST Accel. Beams},
  volume    = {6},
  issue     = {1},
  pages     = {010101},
  numpages  = {9},
  year      = {2003},
  month     = {1},
  publisher = {American Physical Society},
  doi       = {10.1103/PhysRevSTAB.6.010101},
  url       = {https://link.aps.org/doi/10.1103/PhysRevSTAB.6.010101}
}

@article{PhysRevSTAB.12.014001,
  title     = {Progresses in the studies of adiabatic splitting of charged particle beams by crossing nonlinear resonances},
  author    = {Franchi, A. and Gilardoni, S. and Giovannozzi, M.},
  journal   = {Phys. Rev. ST Accel. Beams},
  volume    = {12},
  issue     = {1},
  pages     = {014001},
  numpages  = {15},
  year      = {2009},
  publisher = {American Physical Society},
  doi       = {10.1103/PhysRevSTAB.12.014001},
  url       = {https://link.aps.org/doi/10.1103/PhysRevSTAB.12.014001}
}

@article{PhysRevSTAB.12.024003,
  title     = {Generating unstable resonances for extraction schemes based on transverse splitting},
  author    = {Giovannozzi, M. and Quatraro, D. and Turchetti, G.},
  journal   = {Phys. Rev. ST Accel. Beams},
  volume    = {12},
  issue     = {2},
  pages     = {024003},
  numpages  = {15},
  year      = {2009},
  month     = {2},
  publisher = {American Physical Society},
  doi       = {10.1103/PhysRevSTAB.12.024003},
  url       = {https://link.aps.org/doi/10.1103/PhysRevSTAB.12.024003}
}

@article{PhysRevSTAB.12.011002,
  title     = {Nonlinear correction schemes for the phase 1 {LHC} insertion region upgrade and dynamic aperture studies},
  author    = {Tom\'as, R. and Giovannozzi, M. and de Maria, R.},
  journal   = {Phys. Rev. ST Accel. Beams},
  volume    = {12},
  issue     = {1},
  pages     = {011002},
  numpages  = {7},
  year      = {2009},
  month     = {1},
  publisher = {American Physical Society},
  doi       = {10.1103/PhysRevSTAB.12.011002},
  url       = {https://link.aps.org/doi/10.1103/PhysRevSTAB.12.011002}
}

@article{PhysRevAccelBeams.22.104002,
  title     = {{Advancing the {CERN} proton synchrotron multiturn extraction towards the high-intensity proton beams frontier}},
  author    = {Huschauer, A. and Bartosik, H. and Cave, S. Cettour and Coly, M. and Cotte, D. and Damerau, H. and Di Giovanni, G. P. and Gilardoni, S. and Giovannozzi, M. and Kain, V. and Koukovini-Platia, E. and Mikulec, B. and Sterbini, G. and Tecker, F.},
  journal   = {Phys. Rev. Accel. Beams},
  volume    = {22},
  issue     = {10},
  pages     = {104002},
  numpages  = {13},
  year      = {2019},
  month     = {10},
  publisher = {American Physical Society},
  doi       = {10.1103/PhysRevAccelBeams.22.104002},
  url       = {https://link.aps.org/doi/10.1103/PhysRevAccelBeams.22.104002}
}

@article{PhysRevSTAB.10.034001,
  title     = {Principle and analysis of multiturn injection using stable islands of transverse phase space},
  author    = {Giovannozzi, M. and Morel, J.},
  journal   = {Phys. Rev. ST Accel. Beams},
  volume    = {10},
  issue     = {3},
  pages     = {034001},
  numpages  = {16},
  year      = {2007},
  month     = {3},
  publisher = {American Physical Society},
  doi       = {10.1103/PhysRevSTAB.10.034001},
  url       = {https://link.aps.org/doi/10.1103/PhysRevSTAB.10.034001}
}

@article{PhysRevE.53.4067,
  title     = {Dynamic aperture estimates and phase-space distortions in nonlinear betatron motion},
  author    = {Todesco, E. and Giovannozzi, M.},
  journal   = {Phys. Rev. E},
  volume    = {53},
  issue     = {4},
  pages     = {4067--4076},
  numpages  = {0},
  year      = {1996},
  month     = {4},
  publisher = {American Physical Society},
  doi       = {10.1103/PhysRevE.53.4067},
  url       = {https://link.aps.org/doi/10.1103/PhysRevE.53.4067}
}

@article{PhysRevAccelBeams.23.044802,
  title     = {Probing {LHC} halo dynamics using collimator loss rates at 6.5 TeV},
  author    = {Gorzawski, A. and Appleby, R. B. and Giovannozzi, M. and Mereghetti, A. and Mirarchi, D. and Redaelli, S. and Salvachua, B. and Stancari, G. and Valentino, G. and Wagner, J. F.},
  journal   = {Phys. Rev. Accel. Beams},
  volume    = {23},
  issue     = {4},
  pages     = {044802},
  numpages  = {14},
  year      = {2020},
  month     = {4},
  publisher = {American Physical Society},
  doi       = {10.1103/PhysRevAccelBeams.23.044802},
  url       = {https://link.aps.org/doi/10.1103/PhysRevAccelBeams.23.044802}
}

@article{PhysRevAccelBeams.20.061001,
  title     = {Transverse beam splitting made operational: Key features of the multiturn extraction at the {CERN Proton Synchrotron}},
  author    = {Huschauer, A. and Blas, A. and Borburgh, J. and Damjanovic, S. and Gilardoni, S. and Giovannozzi, M. and Hourican, M. and Kahle, K. and Le Godec, G. and Michels, O. and Sterbini, G. and Hernalsteens, C.},
  journal   = {Phys. Rev. Accel. Beams},
  volume    = {20},
  issue     = {6},
  pages     = {061001},
  numpages  = {15},
  year      = {2017},
  publisher = {American Physical Society},
  doi       = {10.1103/PhysRevAccelBeams.20.061001},
  url       = {https://link.aps.org/doi/10.1103/PhysRevAccelBeams.20.061001}
}

@article{PhysRevE.55.3507,
  title     = {Dynamic aperture experiment at a synchrotron},
  author    = {Fischer, W. and Giovannozzi, M. and Schmidt, F.},
  journal   = {Phys. Rev. E},
  volume    = {55},
  issue     = {3},
  pages     = {3507--3520},
  numpages  = {0},
  year      = {1997},
  month     = {3},
  publisher = {American Physical Society},
  doi       = {10.1103/PhysRevE.55.3507},
  url       = {https://link.aps.org/doi/10.1103/PhysRevE.55.3507}
}

@article{PhysRevAccelBeams.20.014001,
  title     = {Operational performance of the {CERN} injector complex with transversely split beams},
  author    = {Abernethy, S. and Akroh, A. and Bartosik, H. and Blas, A. and Bohl, T. and Cettour-Cave, S. and Cornelis, K. and Damerau, H. and Gilardoni, S. and Giovannozzi, M. and Hernalsteens, C. and Huschauer, A. and Kain, V. and Manglunki, D. and M\'etral, G. and Mikulec, B. and Salvant, B. and Sanchez Alvarez, J.-L. and Steerenberg, R. and Sterbini, G. and Wu, Y.},
  journal   = {Phys. Rev. Accel. Beams},
  volume    = {20},
  issue     = {1},
  pages     = {014001},
  numpages  = {21},
  year      = {2017},
  publisher = {American Physical Society},
  doi       = {10.1103/PhysRevAccelBeams.20.014001},
  url       = {https://link.aps.org/doi/10.1103/PhysRevAccelBeams.20.014001}
}

@article{PhysRevAccelBeams.20.121001,
  title     = {Numerical investigation of space charge effects on the positions of beamlets for transversely split beams},
  author    = {Machida, S. and Prior, C. and Gilardoni, S. and Giovannozzi, M. and Huschauer, A. and Hirlander, S.},
  journal   = {Phys. Rev. Accel. Beams},
  volume    = {20},
  issue     = {12},
  pages     = {121001},
  numpages  = {11},
  year      = {2017},
  month     = {12},
  publisher = {American Physical Society},
  doi       = {10.1103/PhysRevAccelBeams.20.121001},
  url       = {https://link.aps.org/doi/10.1103/PhysRevAccelBeams.20.121001}
}

@article{PhysRevE.52.3093,
  title     = {Sorting approach to magnetic random errors},
  author    = {Giovannozzi, M. and Grassi, R. and Scandale, W. and Todesco, E.},
  journal   = {Phys. Rev. E},
  volume    = {52},
  issue     = {3},
  pages     = {3093--3101},
  numpages  = {0},
  year      = {1995},
  month     = {9},
  publisher = {American Physical Society},
  doi       = {10.1103/PhysRevE.52.3093},
  url       = {https://link.aps.org/doi/10.1103/PhysRevE.52.3093}
}

@article{PhysRevSTAB.13.121004,
  title     = {{CERN} Large Hadron Collider optics model, measurements, and corrections},
  author    = {Tom\'as, R. and Br\"uning, O. and Giovannozzi, M. and Hagen, P. and Lamont, M. and Schmidt, F. and Vanbavinckhove, G. and Aiba, M. and Calaga, R. and Miyamoto, R.},
  journal   = {Phys. Rev. ST Accel. Beams},
  volume    = {13},
  issue     = {12},
  pages     = {121004},
  numpages  = {8},
  year      = {2010},
  month     = {12},
  publisher = {American Physical Society},
  doi       = {10.1103/PhysRevSTAB.13.121004},
  url       = {https://link.aps.org/doi/10.1103/PhysRevSTAB.13.121004}
}

@article{PhysRevAccelBeams.22.042801,
  title         = {Noninvasive {LHC} transverse beam size measurement using inelastic beam-gas interactions},
  author        = {Alexopoulos, A. and Barschel, C. and Bravin, E. and Bregliozzi, G. and Chritin, N. and Dehning, B. and Ferro-Luzzi, M. and Giovannozzi, M. and Jacobsson, R. and Jensen, L. and Jones, R. and Kain, V. and Kieffer, R. and Matev, R. and Rihl, M. and Guimaraes, V. Salustino and Veness, R. and Vlachos, S. and W\"urkner, B. and Bay, A. and Blanc, F. and Giani, S. and Girard, O. and Haefeli, G. and Hopchev, P. and Kuonen, A. and Nakada, T. and Schneider, O. and Tobin, M. and Xu, Z. and Greim, R. and Kirn, T. and Schael, S. and Wlochal, M.},
  collaboration = {The BGV Collaboration},
  journal       = {Phys. Rev. Accel. Beams},
  volume        = {22},
  issue         = {4},
  pages         = {042801},
  numpages      = {15},
  year          = {2019},
  month         = {4},
  publisher     = {American Physical Society},
  doi           = {10.1103/PhysRevAccelBeams.22.042801},
  url           = {https://link.aps.org/doi/10.1103/PhysRevAccelBeams.22.042801}
}

@article{PhysRevSTAB.15.024001,
  title     = {Proposed scaling law for intensity evolution in hadron storage rings based on dynamic aperture variation with time},
  author    = {Giovannozzi, M.},
  journal   = {Phys. Rev. ST Accel. Beams},
  volume    = {15},
  issue     = {2},
  pages     = {024001},
  numpages  = {10},
  year      = {2012},
  month     = {2},
  publisher = {American Physical Society},
  doi       = {10.1103/PhysRevSTAB.15.024001},
  url       = {https://link.aps.org/doi/10.1103/PhysRevSTAB.15.024001}
}

@article{PhysRevSTAB.12.081002,
  title     = {First $\ensuremath{\beta}$-beating measurement and optics analysis for the {CERN} Large Hadron Collider},
  author    = {Aiba, M. and Fartoukh, S. and Franchi, A. and Giovannozzi, M. and Kain, V. and Lamont, M. and Tom\'as, R. and Vanbavinckhove, G. and Wenninger, J. and Zimmermann, F. and Calaga, R. and Morita, A.},
  journal   = {Phys. Rev. ST Accel. Beams},
  volume    = {12},
  issue     = {8},
  pages     = {081002},
  numpages  = {8},
  year      = {2009},
  month     = {8},
  publisher = {American Physical Society},
  doi       = {10.1103/PhysRevSTAB.12.081002},
  url       = {https://link.aps.org/doi/10.1103/PhysRevSTAB.12.081002}
}

@article{PhysRevSTAB.9.104001,
  title     = {Experimental evidence of adiabatic splitting of charged particle beams using stable islands of transverse phase space},
  author    = {Gilardoni, S. and Giovannozzi, M. and Martini, M. and M\'etral, E. and Scaramuzzi, P. and Steerenberg, R. and M\"uller, A.-S.},
  journal   = {Phys. Rev. ST Accel. Beams},
  volume    = {9},
  issue     = {10},
  pages     = {104001},
  numpages  = {11},
  year      = {2006},
  month     = {10},
  publisher = {American Physical Society},
  doi       = {10.1103/PhysRevSTAB.9.104001},
  url       = {https://link.aps.org/doi/10.1103/PhysRevSTAB.9.104001}
}

@article{PhysRevAccelBeams.22.061004,
  title     = {New approach to {LHC} optics commissioning for the nonlinear era},
  author    = {Maclean, E. H. and Tom\'as, R. and Carlier, F. S. and Camillocci, M. S. and Dilly, J. W. and Coello de Portugal, J. and Fol, E. and Fuchsberger, K. and Garcia-Tabares Valdivieso, A. and Giovannozzi, M. and Hofer, M. and Malina, L. and Persson, T. H. B. and Skowronski, P. K. and Wegscheider, A.},
  journal   = {Phys. Rev. Accel. Beams},
  volume    = {22},
  issue     = {6},
  pages     = {061004},
  numpages  = {21},
  year      = {2019},
  month     = {6},
  publisher = {American Physical Society},
  doi       = {10.1103/PhysRevAccelBeams.22.061004},
  url       = {https://link.aps.org/doi/10.1103/PhysRevAccelBeams.22.061004}
}

@article{PhysRevSTAB.18.121002,
  title     = {First measurement and correction of nonlinear errors in the experimental insertions of the {CERN} Large Hadron Collider},
  author    = {Maclean, E. H. and Tom\'as, R. and Giovannozzi, M. and Persson, T. H. B.},
  journal   = {Phys. Rev. ST Accel. Beams},
  volume    = {18},
  issue     = {12},
  pages     = {121002},
  numpages  = {13},
  year      = {2015},
  month     = {12},
  publisher = {American Physical Society},
  doi       = {10.1103/PhysRevSTAB.18.121002},
  url       = {https://link.aps.org/doi/10.1103/PhysRevSTAB.18.121002}
}

@article{PhysRevSTAB.5.094401,
  title     = {Electron cloud buildup and related instability in the {CERN} Proton Synchrotron},
  author    = {Cappi, R. and Giovannozzi, M. and M\'etral, E. and M\'etral, G. and Rumolo, G. and Zimmermann, F.},
  journal   = {Phys. Rev. ST Accel. Beams},
  volume    = {5},
  issue     = {9},
  pages     = {094401},
  numpages  = {10},
  year      = {2002},
  month     = {9},
  publisher = {American Physical Society},
  doi       = {10.1103/PhysRevSTAB.5.094401},
  url       = {https://link.aps.org/doi/10.1103/PhysRevSTAB.5.094401}
}

@article{PhysRevSTAB.6.124201,
  title     = {Space charge and octupole driven resonance trapping observed at the {CERN} Proton Synchrotron},
  author    = {Franchetti, G. and Hofmann, I. and Giovannozzi, M. and Martini, M. and Metral, E.},
  journal   = {Phys. Rev. ST Accel. Beams},
  volume    = {6},
  issue     = {12},
  pages     = {124201},
  numpages  = {9},
  year      = {2003},
  month     = {12},
  publisher = {American Physical Society},
  doi       = {10.1103/PhysRevSTAB.6.124201},
  url       = {https://link.aps.org/doi/10.1103/PhysRevSTAB.6.124201}
}

@article{PhysRevSTAB.7.024001,
  title     = {Multiturn extraction and injection by means of adiabatic capture in stable islands of phase space},
  author    = {Cappi, R. and Giovannozzi, M.},
  journal   = {Phys. Rev. ST Accel. Beams},
  volume    = {7},
  issue     = {2},
  pages     = {024001},
  numpages  = {14},
  year      = {2004},
  publisher = {American Physical Society},
  doi       = {10.1103/PhysRevSTAB.7.024001},
  url       = {https://link.aps.org/doi/10.1103/PhysRevSTAB.7.024001}
}

@article{PhysRevSTAB.18.074001,
  title     = {Novel technique for injecting and extracting beams in a circular hadron accelerator without using septum magnets},
  author    = {Franchi, A. and Giovannozzi, M.},
  journal   = {Phys. Rev. ST Accel. Beams},
  volume    = {18},
  issue     = {7},
  pages     = {074001},
  numpages  = {11},
  year      = {2015},
  month     = {7},
  publisher = {American Physical Society},
  doi       = {10.1103/PhysRevSTAB.18.074001},
  url       = {https://link.aps.org/doi/10.1103/PhysRevSTAB.18.074001}
}

@article{PhysRevE.89.042915,
  title     = {Analysis of adiabatic trapping for quasi-integrable area-preserving maps},
  author    = {Bazzani, A. and Frye, C. and Giovannozzi, M. and Hernalsteens, C.},
  journal   = {Phys. Rev. E},
  volume    = {89},
  issue     = {4},
  pages     = {042915},
  numpages  = {14},
  year      = {2014},
  month     = {4},
  publisher = {American Physical Society},
  doi       = {10.1103/PhysRevE.89.042915},
  url       = {https://link.aps.org/doi/10.1103/PhysRevE.89.042915}
}

@article{PhysRevSTAB.16.051001,
  title     = {First observations of intensity-dependent effects for transversely split beams during multiturn extraction studies at the {CERN} Proton Synchrotron},
  author    = {Gilardoni, Simone and Giovannozzi, Massimo and Hernalsteens, C\'edric},
  journal   = {Phys. Rev. ST Accel. Beams},
  volume    = {16},
  issue     = {5},
  pages     = {051001},
  numpages  = {13},
  year      = {2013},
  month     = {5},
  publisher = {American Physical Society},
  doi       = {10.1103/PhysRevSTAB.16.051001},
  url       = {https://link.aps.org/doi/10.1103/PhysRevSTAB.16.051001}
}

@article{NEISHTADT1991,
  author     = {Neishtadt,A. I.},
  doi        = {10.1063/1.165816},
  eprint     = {https://doi.org/10.1063/1.165816},
  journal    = {Chaos: An Interdisciplinary Journal of Nonlinear Science},
  number     = {1},
  pages      = {42-48},
  title      = {Probability phenomena due to separatrix crossing},
  url        = {https://doi.org/10.1063/1.165816},
  volume     = {1},
  year       = {1991},
  bdsk-url-1 = {https://doi.org/10.1063/1.165816}
}

@article{NEISHTADT1986,
  title   = {Change of an Adiabatic Invariant at a Separatrix},
  journal = {Fiz.\ Plasmy},
  volume  = {12},
  number  = {992},
  year    = {1986},
  author  = {A.I. Neishtadt}
}


@article{NEISHTADT198158,
  title   = {On the accuracy of conservation of the adiabatic invariant},
  journal = {Journal of Applied Mathematics and Mechanics},
  volume  = {45},
  number  = {1},
  pages   = {58 - 63},
  year    = {1981},
  issn    = {0021-8928},
  doi     = {https://doi.org/10.1016/0021-8928(81)90010-1},
  url     = {http://www.sciencedirect.com/science/article/pii/0021892881900101},
  author  = {A.I. Neishtadt}
}

@article{NIMA_ML,
  title   = {Machine learning for beam dynamics studies at the {CERN} Large Hadron Collider},
  journal = {Nucl. Instrum. Methods Phys. Res. A},
  volume  = {985},
  pages   = {164652},
  year    = {2021},
  issn    = {0168-9002},
  doi     = {https://doi.org/10.1016/j.nima.2020.164652},
  author  = {P. Arpaia and G. Azzopardi and F. Blanc and G. Bregliozzi and X. Buffat and L. Coyle and E. Fol and F. Giordano and M. Giovannozzi and T. Pieloni and R. Prevete and S. Redaelli and B. Salvachua and B. Salvant and M. Schenk and M. Solfaroli Camillocci and R. Tomás and G. Valentino and F.F. {Van der Veken} and J. Wenninger}
}

@book{Rasmussen:2307304,
  author    = {Rasmussen, Carl Edward and Williams, Christopher K I},
  title     = {{Gaussian processes for machine learning}},
  publisher = {The MIT Press},
  address   = {Cambridge, MA},
  year      = {2006}
}

@article{PhysRevAccelBeams.22.034002,
  title     = {Innovative method to measure the extent of the stable phase-space region of proton synchrotrons},
  author    = {Maclean, E. H. and Giovannozzi, M. and Appleby, R. B.},
  journal   = {Phys. Rev. Accel. Beams},
  volume    = {22},
  issue     = {3},
  pages     = {034002},
  numpages  = {8},
  year      = {2019},
  month     = {3},
  publisher = {American Physical Society},
  doi       = {10.1103/PhysRevAccelBeams.22.034002},
  url       = {https://link.aps.org/doi/10.1103/PhysRevAccelBeams.22.034002}
}

@book{Apollinari:2284929,
  author    = {Apollinari, G. and B\'ejar Alonso, I. and Br\"uning, O. and Fessia, P. and Lamont, M. and Rossi, L. and Tavian, L.},
  title     = {{High-Luminosity Large Hadron Collider ({HL--LHC}): Technical Design Report V. 0.1}},
  publisher = {{CERN}},
  address   = {Geneva},
  series    = {{CERN} Yellow Reports: Monographs},
  year      = {2017},
  doi       = {10.23731/CYRM-2017-004}
}

@misc{edelen2018opportunities,
  title         = {Opportunities in Machine Learning for Particle Accelerators},
  author        = {Auralee Edelen and Christopher Mayes and Daniel Bowring and Daniel Ratner and Andreas Adelmann and Rasmus Ischebeck and Jochem Snuverink and Ilya Agapov and Raimund Kammering and Jonathan Edelen and Ivan Bazarov and Gianluca Valentino and Jorg Wenninger},
  year          = {2018},
  eprint        = {1811.03172},
  archiveprefix = {arXiv},
  primaryclass  = {physics.acc-ph}
}

@book{bryant_johnsen_1993,
  author        = {Bryant, P.J. and Johnsen, K.},
  date-added    = {2020-07-01 15:37:56 +0200},
  date-modified = {2020-07-01 15:37:56 +0200},
  doi           = {10.1017/CBO9780511563959},
  place         = {Cambridge},
  publisher     = {Cambridge University Press},
  title         = {The Principles of Circular Accelerators and Storage Rings},
  year          = {1993},
  bdsk-url-1    = {https://doi.org/10.1017/CBO9780511563959}
}

@article{Barranco:2301793,
  author  = {Barranco, Javier and Cai, Yunhai and Cameron, David and
             Crouch, Matthew and De Maria, Riccardo and Field, Laurence
             and Giovannozzi, Massimo and Hermes, Pascal and Høimyr,
             Nils and Kaltchev, Dobrin and Karastathis, Nikos and Luzzi,
             Cinzia and Maclean, Ewen and McIntosh, Eric and Mereghetti,
             Alessio and Molson, James and Nosochkov, Yuri and Pieloni,
             Tatiana and Reid, Ivan D and Rivkin, Lenny and Segal, Ben
             and Sjobak, Kyrre and Skands, Peter and Tambasco, Claudia
             and Van der Veken, Frederik and Zacharov, Igor},
  title   = {{{LHC}@Home: a BOINC-based volunteer computing
             infrastructure for physics studies at {CERN}. {LHC}@Home: a
             BOINC-based volunteer computing infrastructure for physics
             studies at {CERN}}},
  journal = {Open Eng.},
  number  = {1},
  volume  = {7},
  pages   = {378-392},
  year    = {2017},
  doi     = {10.1515/eng-2017-0042}
}

@article{Giovannozzi:317866,
  author       = {Giovannozzi, Massimo and McIntosh, Eric},
  title        = {{Development of parallel codes for the study of nonlinear
                  beam dynamics}},
  journal      = {Int. J. Mod. Phys. C},
  number       = {{CERN}-{PS}-96-047-PA. {CERN}-CN-96-017},
  volume       = {8},
  pages        = {155-170. 16 p},
  month        = {11},
  year         = {1996},
  reportnumber = {{CERN}-{PS}-96-047-PA},
  doi          = {10.1142/S0129183197000163}
}

@article{HEP-ML,
  abstract      = {Our knowledge of the fundamental particles of nature and their interactions is summarized by the standard model of particle physics. Advancing our understanding in this field has required experiments that operate at ever higher energies and intensities, which produce extremely large and information-rich data samples. The use of machine-learning techniques is revolutionizing how we interpret these data samples, greatly increasing the discovery potential of present and future experiments. Here we summarize the challenges and opportunities that come with the use of machine learning at the frontiers of particle physics.},
  author        = {Radovic, Alexander and Williams, Mike and Rousseau, David and Kagan, Michael and Bonacorsi, Daniele and Himmel, Alexander and Aurisano, Adam and Terao, Kazuhiro and Wongjirad, Taritree},
  da            = {2018/08/01},
  date-added    = {2020-06-18 12:45:16 +0200},
  date-modified = {2020-06-18 12:45:16 +0200},
  doi           = {10.1038/s41586-018-0361-2},
  id            = {Radovic2018},
  isbn          = {1476-4687},
  journal       = {Nature},
  number        = {7716},
  pages         = {41--48},
  title         = {Machine learning at the energy and intensity frontiers of particle physics},
  ty            = {JOUR},
  url           = {https://doi.org/10.1038/s41586-018-0361-2},
  volume        = {560},
  year          = {2018},
  bdsk-url-1    = {https://doi.org/10.1038/s41586-018-0361-2}
}

@article{Bestmann:1092111,
  author       = {Bestmann, P and Bottura, L and Catalan-Lasheras, N and
                  Fartoukh, S and Gilardoni, S and Giovannozzi, M and
                  Jeanneret, JB and Karppinen, M and Lombardi, A and Mess, KH
                  and Missiaen, D and Modena, M and Ostojic, R and
                  Papaphilippou, Y and Pugnat, P and Ramberger, S and
                  Sanfilippo, S and Scandale, Walter and Schmidt, F and
                  Siegel, N and Siemko, A and Tortschanoff, Theodor and
                  Tommasini, D and Wildner, E},
  title        = {{Magnet Acceptance and Allocation at the {LHC} Magnet
                  Evaluation Board}},
  number       = {{LHC}-PROJECT-Report-1058. {CERN}-{LHC}-PROJECT-Report-1058},
  pages        = {4 p},
  year         = {2007},
  reportnumber = {{LHC}-PROJECT-Report-1058},
  doi          = {10.1109/PAC.2007.4439915}
}

@inbook{RBF,
  address      = {Cambridge, MA, USA},
  author       = {Vert, JP. and Tsuda, K. and Sch{\"o}lkopf, B.},
  booktitle    = {Kernel Methods in Computational Biology},
  editor       = {B Sch{\"o}lkopf and K Tsuda and JP Vert},
  organization = {Max-Planck-Gesellschaft},
  pages        = {35-70},
  publisher    = {MIT Press},
  school       = {Biologische Kybernetik},
  title        = {A Primer on Kernel Methods},
  year         = {2004}
}

@inproceedings{LOF,
  address    = {Dallas, USA},
  author     = {Breunig, M. M. and Kriegel, H.-P. and Ng, R. T. and Sander, J.},
  booktitle  = {Proc. of the 2000 ACM SIGMOD International Conference on Management of Data},
  doi        = {10.1145/335191.335388},
  pages      = {93---104},
  title      = {{LOF: Identifying Density-based Local Outliers}},
  year       = {2000},
  bdsk-url-1 = {https://doi.org/10.1145/335191.335388}
}

@inproceedings{Run2,
  address    = {Uppsala, Sweeden},
  author     = {J. Wenninger},
  booktitle  = {Proc. Prospects for Charged Higgs Discovery at Colliders (CHARGED2018)},
  doi        = {https://pos.sissa.it/339/001/pdf},
  title      = {{{LHC} Status and Performance}},
  year       = {2018},
  bdsk-url-1 = {https://pos.sissa.it/339/001/pdf}
}

@article{OMC1,
  author  = {M. Aiba and S. Fartoukh and A. Franchi and M. Giovannozzi and V. Kain and M. Lamont and R. Tom\'as and G. Vanbavinckhove and J. Wenninger and F. Zimmermann and R. Calaga and A. Morita},
  journal = {Phys. Rev. ST Accel. Beams},
  pages   = {081002},
  title   = {{First $\beta$-beating measurement and optics analysis for the {CERN} Large Hadron Collider}},
  volume  = {12},
  year    = {2009}
}

@article{OMC2,
  author  = {{R. Tom\'as and O. Br\"uning and M. Giovannozzi and P. Hagen and M. Lamont and F. Schmidt and G. Vanbavinckhove and M. Aiba and R. Calaga and R. Miyamoto}},
  journal = {Phys. Rev. ST Accel. Beams},
  pages   = {121004},
  title   = {{{CERN} Large Hadron Collider optics model, measurements, and corrections}},
  volume  = {13},
  year    = {2010}
}

@article{OMC3,
  author  = {R. Tom\'as and T. Bach and R. Calaga and A. Langner and Y. I. Levinsen and E. H. Maclean and T. H. B. Persson and P. K. Skowronski and M. Strzelczyk and G. Vanbavinckhove and R. Miyamoto},
  journal = {Phys. Rev. ST Accel. Beams},
  pages   = {091001},
  title   = {{Record low $\beta$-beating in the {LHC}}},
  volume  = {15},
  year    = {2012}
}

@article{OMC4,
  author  = {T. Persson and F. Carlier and J. Coello de Portugal and A. Garcia-Tabares Valdivieso and A. Langner and E. H. Maclean and L. Malina and P. Skowronski and B. Salvant and R. Tom{\'a}s and and A. C. Garc{\'\i}a Bonilla},
  journal = {Phys. Rev. Accel. Beams},
  pages   = {061002},
  title   = {{{LHC} optics commissioning: A journey towards 1\% optics control}},
  volume  = {20},
  year    = {2017}
}

@article{ATS,
  author  = {S. Fartoukh},
  journal = {Phys. Rev. ST Accel. Beams},
  pages   = {111002},
  title   = {{Achromatic telescopic squeezing scheme and application to the {LHC} and its luminosity upgrade}},
  volume  = {16},
  year    = {2013}
}

@article{DAdef,
  author  = {E. Todesco and M. Giovannozzi},
  journal = {Phys. Rev. E},
  pages   = {4067--4076},
  title   = {{Dynamic aperture estimates and phase-space distortions in nonlinear betatron motion}},
  volume  = {53},
  year    = {1996}
}

@article{ML1,
  author  = {Yongjun Li and Weixing Cheng and Li Hua Yu and Robert Rainer},
  journal = {Phys. Rev. Accel. Beams},
  pages   = {054601},
  title   = {{Genetic algorithm enhanced by machine learning in dynamic aperture optimization}},
  volume  = {21},
  year    = {2018}
}

@article{ML2,
  author  = {C. Emma and A. Edelen and M. J. Hogan and B. O'Shea and G. White and V. Yakimenko},
  journal = {Phys. Rev. Accel. Beams},
  pages   = {112802},
  title   = {{Machine learning-based longitudinal phase space prediction of particle accelerators}},
  volume  = {21},
  year    = {2018}
}

@article{ML3,
  author  = {D. Vilsmeier and M. Sapinski and R. Singh},
  journal = {Phys. Rev. Accel. Beams},
  pages   = {052801},
  title   = {{Space-charge distortion of transverse profiles measured by electron-based ionization profile monitors and correction methods}},
  volume  = {22},
  year    = {2019}
}

@article{ML4,
  author  = {Jinyu Wan and Paul Chu and Yi Jiao and Yongjun Li},
  journal = {Nucl. Instrum. Methods Phys. Res. A},
  pages   = {162683},
  title   = {{Improvement of machine learning enhanced genetic algorithm for nonlinear beam dynamics optimization}},
  volume  = {946},
  year    = {2019}
}

@article{ML5,
  author  = {S. C. Leemann and S. Liu and A. Hexemer and M. A. Marcus and C. N. Melton and H. Nishimura and C. Sun},
  journal = {Phys. Rev. Lett.},
  pages   = {194801},
  title   = {{Demonstration of Machine Learning-Based Model-Independent Stabilization of Source Properties in Synchrotron Light Sources}},
  volume  = {123},
  year    = {2019}
}

@article{ML6,
  author  = {Xingyi Xu and Yimei Zhou and Yongbin Leng},
  journal = {Phys. Rev. Accel. Beams},
  pages   = {032805},
  title   = {{Machine learning based image processing technology application in bunch longitudinal phase information extraction}},
  volume  = {23},
  year    = {2020}
}

@article{Edelen:2018jid,
  archiveprefix = {arXiv},
  author        = {A. Edelen and C. Mayes and D. Bowring and D. Ratner and A. Adelmann and R. Ischebeck and J. Snuverink and I. Agapov and R. Kammering and J. Edelen and I. Bazarov and G. Valentino and J. Wenninger},
  eprint        = {1811.03172},
  primaryclass  = {physics.acc-ph},
  reportnumber  = {FERMILAB-PUB-19-017-AD},
  title         = {{Opportunities in Machine Learning for Particle Accelerators}},
  year          = {2018}
}

@article{doi:10.1002/prot.25832,
  author     = {Bonetta, Rosalin and Valentino, Gianluca},
  doi        = {10.1002/prot.25832},
  journal    = {Proteins: Structure, Function, and Bioinformatics},
  keywords   = {deep learning, feature selection, machine learning, protein function prediction},
  number     = {3},
  pages      = {397-413},
  title      = {Machine learning techniques for protein function prediction},
  volume     = {88},
  year       = {2020},
  bdsk-url-1 = {https://doi.org/10.1002/prot.25832}
}

@article{8624570,
  author     = {S. {Hussein} and P. {Kandel} and C. W. {Bolan} and M. B. {Wallace} and U. {Bagci}},
  doi        = {10.1109/TMI.2019.2894349},
  issn       = {1558-254X},
  journal    = {IEEE Transactions on Medical Imaging},
  month      = {8},
  number     = {8},
  pages      = {1777-1787},
  title      = {Lung and Pancreatic Tumor Characterization in the Deep Learning Era: Novel Supervised and Unsupervised Learning Approaches},
  volume     = {38},
  year       = {2019},
  bdsk-url-1 = {https://doi.org/10.1109/TMI.2019.2894349}
}

@article{8456512,
  author     = {D. {Lien Minh} and A. {Sadeghi-Niaraki} and H. D. {Huy} and K. {Min} and H. {Moon}},
  doi        = {10.1109/ACCESS.2018.2868970},
  issn       = {2169-3536},
  journal    = {IEEE Access},
  pages      = {55392-55404},
  title      = {Deep Learning Approach for Short-Term Stock Trends Prediction Based on Two-Stream Gated Recurrent Unit Network},
  volume     = {6},
  year       = {2018},
  bdsk-url-1 = {https://doi.org/10.1109/ACCESS.2018.2868970}
}

@article{8038008,
  author     = {A. {Dal Pozzolo} and G. {Boracchi} and O. {Caelen} and C. {Alippi} and G. {Bontempi}},
  doi        = {10.1109/TNNLS.2017.2736643},
  issn       = {2162-2388},
  journal    = {IEEE Transactions on Neural Networks and Learning Systems},
  month      = {8},
  number     = {8},
  pages      = {3784-3797},
  title      = {Credit Card Fraud Detection: A Realistic Modeling and a Novel Learning Strategy},
  volume     = {29},
  year       = {2018},
  bdsk-url-1 = {https://doi.org/10.1109/TNNLS.2017.2736643}
}

@article{4154938,
  author     = {S. K. {Chalup} and C. L. {Murch} and M. J. {Quinlan}},
  doi        = {10.1109/TSMCC.2006.886964},
  issn       = {1558-2442},
  journal    = {IEEE Transactions on Systems, Man, and Cybernetics, Part C (Applications and Reviews)},
  month      = {5},
  number     = {3},
  pages      = {297-310},
  title      = {Machine Learning With AIBO Robots in the Four-Legged League of RoboCup},
  volume     = {37},
  year       = {2007},
  bdsk-url-1 = {https://doi.org/10.1109/TSMCC.2006.886964}
}

@article{8325485,
  author     = {J. {Su} and J. {Wu} and P. {Cheng} and J. {Chen}},
  doi        = {10.1109/TVT.2018.2819806},
  issn       = {1939-9359},
  journal    = {IEEE Transactions on Vehicular Technology},
  month      = {7},
  number     = {7},
  pages      = {5650-5657},
  title      = {Autonomous Vehicle Control Through the Dynamics and Controller Learning},
  volume     = {67},
  year       = {2018},
  bdsk-url-1 = {https://doi.org/10.1109/TVT.2018.2819806}
}

@book{Sutton1998,
  author    = {Sutton, Richard S. and Barto, Andrew G.},
  edition   = {Second},
  publisher = {The MIT Press},
  title     = {Reinforcement Learning: An Introduction},
  year      = {2018}
}

@book{Mitchell97,
  address   = {New York},
  author    = {Mitchell, Tom M.},
  isbn      = {978-0-07-042807-2},
  publisher = {McGraw-Hill},
  title     = {Machine Learning},
  year      = 1997
}

@book{bishopml,
  address   = {Berlin, Heidelberg},
  author    = {Bishop, Christopher M.},
  isbn      = {0387310738},
  publisher = {Springer-Verlag},
  title     = {Pattern Recognition and Machine Learning (Information Science and Statistics)},
  year      = {2006}
}

@book{Bonaccorso:2671442,
  address   = {Birmingham},
  author    = {Bonaccorso, Giuseppe},
  publisher = {Packt Publishing},
  title     = {{Hands-on unsupervised learning with Python: implement machine learning and deep learning models using Scikit-Learn, TensorFlow, and more}},
  year      = {2019}
}

@article{deeplearning,
  author        = {LeCun, Yann and Bengio, Yoshua and Hinton, Geoffrey},
  da            = {2015/05/01},
  date-added    = {2020-02-16 18:46:58 +0000},
  date-modified = {2020-02-16 18:46:58 +0000},
  doi           = {10.1038/nature14539},
  id            = {LeCun2015},
  isbn          = {1476-4687},
  journal       = {Nature},
  number        = {7553},
  pages         = {436--444},
  title         = {Deep learning},
  ty            = {JOUR},
  url           = {https://doi.org/10.1038/nature14539},
  volume        = {521},
  year          = {2015},
  bdsk-url-1    = {https://doi.org/10.1038/nature14539},
  bdsk-url-2    = {http://dx.doi.org/10.1038/nature14539}
}

@book{Bruning:782076,
  address    = {Geneva},
  author     = {Br\"uning, O. S. and Collier, P. and Lebrun, Ph. and Myers, S. and Ostojic, R. and Poole, J. and Proudlock, P.},
  doi        = {10.5170/CERN-2004-003-V-1},
  publisher  = {CERN},
  series     = {{CERN} Yellow Reports: Monographs},
  title      = {{{LHC} Design Report}},
  year       = {2004},
  bdsk-url-2 = {https://doi.org/10.5170/CERN-2004-003-V-1}
}

@article{missiaen2010alignment,
  author = {Missiaen, Dominique and Steinhagen, Ralph and Quesnel, Jean-Pierre},
  title  = {The alignment of the {LHC}},
  year   = {2010}
}

@article{valentino2012semiautomatic,
  author    = {Valentino, Gianluca and A{\ss}mann, Ralph and Bruce, Roderik and Redaelli, Stefano and Rossi, Adriana and Sammut, Nicholas and Wollmann, Daniel},
  journal   = {Physical Review Special Topics-Accelerators and Beams},
  number    = {5},
  pages     = {051002},
  publisher = {APS},
  title     = {Semiautomatic beam-based {LHC} collimator alignment},
  volume    = {15},
  year      = {2012}
}

@article{ref:sfs,
  author    = {Reeves, Stanley J and Zhe, Zhao},
  journal   = {IEEE Transactions on Signal Processing},
  number    = {1},
  pages     = {123--132},
  publisher = {IEEE},
  title     = {Sequential algorithms for observation selection},
  volume    = {47},
  year      = {1999}
}

@article{ref:tukey,
  author  = {Tukey, John W},
  journal = {Biometrics},
  number  = {2},
  pages   = {99--114},
  title   = {Comparing individual means in the analysis of variance},
  volume  = {5},
  year    = {1949}
}

@inproceedings{Azzopardi:angular,
  address   = {Barcelona, Spain},
  author    = {G. Azzopardi and G. Valentino and A. Muscat and B. Salvachua and A. Mereghetti and S. Redaelli},
  booktitle = {Proc. 16th Int. Conf. on Accelerator and Large Experimental Physics Control Systems (ICALEPCS'17)},
  title     = {Automatic angular alignment of {LHC} collimators},
  year      = {2017}
}

@inproceedings{wollmann2010first,
  address   = {Kyoto, Japan},
  author    = {Wollmann, D. and Aberle, O. and Arnau-Izquiedo, G. and A{\ss}mann, R. and Bacher, J.-P. and Baglin, V. and Bellodi, G. and Bertarelli, A. and Bouzoud, A. and Bracco, C. and Bruce, R. and Brugger, M. and Calatroni, S. and Cerruti, F. and Chamizo, R. and Cherif, A. and Chiaveri, E. and Chiggiato, P. and Dallochio, A. and Dehning, B. and Donze, M. and Ferrari, A. and Folch, R. and Francon, P. and Gander, P. and Geisser, J M. and Grudiev, A. and Holzer, E. B. and Jacquet, D. and Jeanneret, J.-B. and Jimenez, J. M. and Jonker, M. and Jowett, J. and Kershaw, K. and Lari, L. and Lendaro, J. and Loprete, F. and Losito, R. and Magistris, M. and Malabaila, M. and Mayer, M. and Marsili, A. and Masi, A. and Mathot, S. and M{\'e}tral, E. and Mitifiot, C. and Mounet, N. and de Morais Amaral, R. and Nordt, A. and Perret, R. and Perrollaz, S. and Rathjen, C. and Redaelli, S. and Robert-Demolaize, G. and Roesler, S. and Rossi, A. and Salvant, B. and Santana, M. and Sexton, I. and Sievers, P. and Tardy, T. and Timmins, M. and Tsoulou, K. and Veyrunes, E. and Vincke, H. and Vlachoudis, V. and Vuillemin, V. and Weiler, T. and Zimmermann, F. and Baishev, I. and Kurochkin, I. and Kaltchev, D. and Caspers, F. and Kadi, Y},
  booktitle = {Proc. 1st Int. Particle Accelerator Conf. (IPAC'10)},
  title     = {First cleaning with {LHC} collimators},
  year      = {2010}
}

@phdthesis{Azzopardi:phd,
  author = {Azzopardi, Gabriella},
  school = {University of Malta},
  title  = {Automation of the {LHC} Collimator Beam-Based Alignment Procedure for Nominal Operation},
  year   = {2019}
}

@inproceedings{Azzopardi:threshold,
  address   = {New York, USA},
  author    = {Azzopardi, Gabriella and Redaelli, Stefano and Salvachua, Belen and Muscat, Adrian and Valentino, Gianluca},
  booktitle = {Proc. 17th Int. Conf. on Accelerator and Large Experimental Physics Control Systems (ICALEPCS'19)},
  title     = {{Automatic Beam Loss Threshold Selection for {LHC} Collimator Alignment}},
  year      = {2019}
}

@article{valentino2017final,
  author    = {Valentino, Gianluca and Baud, Guillaume and Bruce, Roderik and Gasior, Marek and Mereghetti, Alessio and Mirarchi, Daniele and Olexa, Jakub and Redaelli, Stefano and Salvachua, Belen and Valloni, Alessandra and Wenninger, Jorg},
  journal   = {Physical Review Accelerators and Beams},
  number    = {8},
  pages     = {081002},
  publisher = {APS},
  title     = {Final implementation, commissioning, and performance of embedded collimator beam position monitors in the Large Hadron Collider},
  volume    = {20},
  year      = {2017}
}

@inproceedings{Azzopardi:architecture,
  address   = {New York, USA},
  author    = {Azzopardi, Gabriella and Redaelli, Stefano and Salvachua, Belen and Muscat, Adrian and Valentino, Gianluc},
  booktitle = {Proc. 17th Int. Conf. on Accelerator and Large Experimental Physics Control Systems (ICALEPCS'19)},
  title     = {{Software Architecture for Automatic {LHC} Collimator Alignment using Machine Learning}},
  year      = {2019}
}

@article{azzopardi:crosstalk,
  author     = {Azzopardi, Gabriella and Salvachua, Belen and Valentino, Gianluca},
  doi        = {10.1103/PhysRevAccelBeams.22.083002},
  journal    = {Phys. Rev. Accel. Beams},
  number     = {8},
  pages      = {083002},
  publisher  = {APS},
  title      = {Data-driven cross-talk modeling of beam losses in {LHC} collimators},
  volume     = {22},
  year       = {2019},
  bdsk-url-1 = {https://doi.org/10.1103/PhysRevAccelBeams.22.083002}
}

@article{azzopardi:ML,
  author     = {Azzopardi, Gabriella and Valentino, Gianluca and Muscat, Adrian and Salvachua, Belen},
  doi        = {10.1016/j.nima.2019.04.057},
  journal    = {Nucl. Instrum. Methods Phys. Res. A},
  pages      = {10--18},
  publisher  = {Elsevier},
  title      = {Automatic spike detection in beam loss signals for {LHC} collimator alignment},
  volume     = {934},
  year       = {2019},
  bdsk-url-1 = {https://doi.org/10.1016/j.nima.2019.04.057}
}

@inproceedings{azzopardi:IPAC,
  address    = {Melbourne, Australia},
  author     = {Azzopardi, G. and Muscat, A. and Redaelli, S. and Salvachua, B. and Valentino, G.},
  booktitle  = {Proc. 10th Int. Particle Accelerator Conf. (IPAC'19)},
  doi        = {10.18429/JACoW-IPAC2019-TUZZPLM1},
  pages      = {1208--1211},
  title      = {Operational Results of {LHC} Collimator Alignment Using Machine Learning},
  year       = {2019},
  bdsk-url-1 = {https://doi.org/10.18429/JACoW-IPAC2019-TUZZPLM1}
}

@article{azzopardi:results,
  author     = {Azzopardi, Gabriella and Salvachua, Belen and Valentino, Gianluca and Redaelli, Stefano and Muscat, Adrian},
  doi        = {10.1103/PhysRevAccelBeams.22.093001},
  journal    = {Phys. Rev. Accel. Beams},
  number     = {9},
  pages      = {093001},
  publisher  = {APS},
  title      = {Operational results on the fully automatic {LHC} collimator alignment},
  volume     = {22},
  year       = {2019},
  bdsk-url-1 = {https://doi.org/10.1103/PhysRevAccelBeams.22.093001}
}

@inproceedings{assmann:BBA,
  address   = {Lucerne, Switzerland},
  author    = {Ralph W. A{\ss}mann and Eva Barbara Holzer and Jean-Bernard Jeanneret and Verena Kain and Stefano Redaelli and Guillaume Robert-Demolaize and Jorg Wenninger},
  booktitle = {Proc. 9th European Particle Accelerator Conf. (EPAC'04)},
  pages     = {1825--1827},
  title     = {Expected performance and beam-based optimization of the {LHC} collimation system},
  year      = {2004}
}

@mastersthesis{Fol:masterthesis,
  author = {Fol, Elena},
  school = {University of Applied Sciences, Karlsruhe},
  title  = {Evaluation of Machine Learning Methods for {LHC} Optics Measurements and Corrections Software},
  year   = {2017}
}

@inproceedings{Fol:WEPAF062,
  address    = {Vancouver, Canada},
  author     = {Fol, Elena and Carlier, Felix Simon and Coello de Portugal, Jaime Maria Garcia-Tabares, Ana and Tom\'as, Rogelio},
  booktitle  = {Proc. 9th Int. Particle Accelerator Conf. (IPAC'18)},
  doi        = {10.18429/JACoW-IPAC2018-WEPAF062},
  pages      = {1967--1970},
  title      = {{Machine Learning Methods for Optics Measurements and Corrections at {LHC}}},
  year       = {2018},
  bdsk-url-1 = {https://doi.org/10.18429/JACoW-IPAC2018-WEPAF062}
}

@inproceedings{Fol:THPRB077,
  address    = {Melbourne, Australia},
  author     = {Fol, Elena and Coello de Portugal, Jaime Maria and Franchetti, Giuliano and Tom\'as, Rogelio},
  booktitle  = {Proc. 10th Int. Particle Accelerator Conf. (IPAC'19)},
  doi        = {10.18429/JACoW-IPAC2019-THPRB077},
  pages      = {3990--3993},
  title      = {{Optics corrections using machine learning in the {LHC}}},
  year       = {2019},
  bdsk-url-1 = {https://doi.org/10.18429/JACoW-IPAC2019-THPRB077}
}

@inproceedings{Fol:FEL19-WEB03,
  address   = {Hamburg, Germany},
  author    = {Fol, Elena and Coello de Portugal, Jaime Maria and Franchetti, Giuliano and Tom\'as, Rogelio},
  booktitle = {{Proc. 39th Int. Free Electron Laser Conf. (FEL'19)}},
  title     = {{Application of Machine Learning to Beam Diagnostics}},
  year      = {2019}
}

@article{randomforest,
  address    = {USA},
  author     = {Breiman, Leo},
  doi        = {10.1023/A:1010933404324},
  issue_date = {October 2001},
  journal    = {Mach. Learn.},
  number     = {1},
  pages      = {5--32},
  publisher  = {Kluwer Academic Publishers},
  title      = {Random Forests},
  volume     = {45},
  year       = {2001},
  bdsk-url-1 = {https://doi.org/10.1023/A:1010933404324}
}

@article{lsregression,
  author     = {Robbins, H. and Lai, T.L.},
  doi        = {10.1016/0047-259X(87)90179-5},
  issue      = {1},
  journal    = {Journal of Multivariate Analysis},
  pages      = {77--92},
  title      = {Strong consistency of least-squares estimates in regression models},
  volume     = {23},
  year       = {1987},
  bdsk-url-1 = {https://doi.org/10.1016/0047-259X(87)90179-5}
}

@techreport{Ridge,
  author      = {Rifkin, Ryan and Lippert, Ross},
  institution = {Massachusetts Institute of Technology Computer Science and Artificial Intelligence Laboratory},
  title       = {Notes on regularized least-squares},
  year        = {2007}
}

@techreport{OMP,
  author      = {Rubinstein, R. and Zibulevsky, M. and Elad, M.},
  institution = {CS Technion report CS-2008-08},
  title       = {Efficient Implementation of the K-SVD Algorithm using Batch Orthogonal Matching Pursuit},
  year        = {2008}
}

@book{CNN,
  author    = {Yann Lecun and Yoshua Bengio},
  booktitle = {The handbook of brain theory and neural networks},
  editor    = {M.A. Arbib},
  publisher = {MIT Press},
  title     = {Convolutional networks for images, speech, and time-series},
  year      = {1995}
}

@inproceedings{Liu:2008:IF,
  author     = {Liu, Fei Tony and Ting, Kai Ming and Zhou, Zhi-Hua},
  booktitle  = {Proc. 8th IEEE Int. Conf. on Data Mining (ICDM'08)},
  doi        = {10.1109/ICDM.2008.17},
  pages      = {413--422},
  publisher  = {IEEE Computer Society},
  title      = {Isolation Forest},
  year       = {2008},
  bdsk-url-1 = {https://doi.org/10.1109/ICDM.2008.17}
}

@inproceedings{Fol:WEPGW081,
  address    = {Melbourne, Australia},
  author     = {Fol, Elena and Coello de Portugal, Jaime Maria and Tom\'as, Rogelio},
  booktitle  = {Proc. 10th Int. Particle Accelerator Conf. (IPAC'19)},
  doi        = {10.18429/JACoW-IPAC2019-WEPGW081},
  pages      = {2668-2671},
  title      = {{Unsupervised Machine Learning for Detection of Faulty Beam Position Monitors}},
  year       = {2019},
  bdsk-url-1 = {https://doi.org/10.18429/JACoW-IPAC2019-WEPGW081}
}

@misc{regressionmodels,
  author       = {Fol, Elena and Tom\'as, Rogelio and Franchetti, Giuliano},
  howpublished = {to be published},
  title        = {Regression models for magnet errors prediction in the {LHC}}
}

@misc{faultyBPMs,
  author       = {Fol, Elena and Tom\'as, Rogelio},
  howpublished = {to be published},
  title        = {Isolation Forest algorithm for faulty Beam Position Monitors detection}
}

@incollection{NIPS2017_6907,
  author     = {Ke, Guolin and Meng, Qi and Finley, Thomas and Wang, Taifeng and Chen, Wei and Ma, Weidong and Ye, Qiwei and Liu, Tie-Yan},
  booktitle  = {Advances in Neural Information Processing Systems 30},
  editor     = {I. Guyon and U. V. Luxburg and S. Bengio and H. Wallach and R. Fergus and S. Vishwanathan and R. Garnett},
  pages      = {3146--3154},
  publisher  = {Curran Associates, Inc.},
  title      = {LightGBM: A Highly Efficient Gradient Boosting Decision Tree},
  url        = {http://papers.nips.cc/paper/6907-lightgbm-a-highly-efficient-gradient-boosting-decision-tree.pdf},
  year       = {2017},
  bdsk-url-1 = {http://papers.nips.cc/paper/6907-lightgbm-a-highly-efficient-gradient-boosting-decision-tree.pdf}
}

@article{Benedikt:2651300,
  author     = {Benedikt, Michael and Capeans Garrido, Mar and Cerutti, Francesco and Goddard, Brennan and Gutleber, Johannes and Jimenez, Jose Miguel and Mangano, Michelangelo and Mertens, Volker and Osborne, John Andrew and Otto, Thomas and Poole, John and Riegler, Werner and Schulte, Daniel and Tavian, Laurent Jean and Tommasini, Davide and Zimmermann, Frank},
  doi        = {10.1140/epjst/e2019-900087-0},
  journal    = {The European Physical Journal Special Topics},
  month      = {12},
  number     = {4},
  pages      = {755-1107},
  title      = {{FCC-hh: The Hadron Collider. Future Circular Collider Conceptual Design Report Volume 3}},
  volume     = {228},
  year       = {2019},
  bdsk-url-1 = {https://doi.org/10.1140/epjst/e2019-900087-0}
}

@mastersthesis{Coyle:masterthesis,
  author = {Coyle, Loic},
  note   = {\url{https://wiki.epfl.ch/fcc-epfl-lpap/documents/Master_Thesis_LCoyle.pdf}},
  school = {Grenoble INP, France and EPFL, Switzerland},
  title  = {Machine learning applications for hadron colliders: {LHC} lifetime optimization},
  year   = {2018}
}

@article{Coyle:MD,
  author       = {Coyle, Loic Thomas Davies and Pieloni, Tatiana and Rivkin, Lenny and Salvachua Ferrando, Belen Maria},
  month        = {12},
  reportnumber = {{CERN}-ACC-NOTE-2020-0001},
  title        = {{MD 4510 : Working point exploration for use in lifetime optimization by machine learning}},
  year         = {2019},
  bdsk-url-1   = {https://cds.cern.ch/record/2705860}
}

@article{NelderMead,
  abstract   = {{A method is described for the minimization of a function of n variables, which depends on the comparison of function values at the (n + 1) vertices of a general simplex, followed by the replacement of the vertex with the highest value by another point. The simplex adapts itself to the local landscape, and contracts on to the final minimum. The method is shown to be effective and computationally compact. A procedure is given for the estimation of the Hessian matrix in the neighbourhood of the minimum, needed in statistical estimation problems.}},
  author     = {Nelder, J. A. and Mead, R.},
  doi        = {10.1093/comjnl/7.4.308},
  issn       = {0010-4620},
  journal    = {The Computer Journal},
  month      = {1},
  number     = {4},
  pages      = {308-313},
  title      = {{A Simplex Method for Function Minimization}},
  url        = {https://doi.org/10.1093/comjnl/7.4.308},
  volume     = {7},
  year       = {1965},
  bdsk-url-1 = {https://doi.org/10.1093/comjnl/7.4.308}
}

@inproceedings{Bozoki:1994xm,
  address      = {London, England},
  author       = {Bozoki, E. and Friedman, A.},
  booktitle    = {Proc. 4th European Particle Accelerator Conf. (EPAC'94)},
  note         = {[,1589(1994)]},
  pages        = {1589--1592},
  slaccitation = {%%CITATION = CONFP,C940627,1589;%%},
  title        = {{Neural networks and orbit control in accelerators}},
  year         = {1994}
}

@inproceedings{LeBlanc:2012zz,
  address      = {New Orleans, USA},
  author       = {Meier, E. and Tan, Y. E. and LeBlanc, G.},
  booktitle    = {Proc. 3rd Int. Particle Accelerator Conf. (IPAC'12)},
  pages        = {2837--2839},
  reportnumber = {IPAC-2012-WEPPP057},
  slaccitation = {%%CITATION = CONFP,C1205201,2837;%%},
  title        = {{Orbit Correction Studies using Neural Networks}},
  year         = {2012}
}

@inproceedings{Ester96adensity-based,
  address   = {Portland (OR), USA},
  author    = {Martin Ester and Hans-Peter Kriegel and J{\"o}rg Sander and Xiaowei Xu},
  booktitle = {Proc. 2nd Int. Conf. on Knowledge Discovery and Data Mining (KDD'96)},
  eprint    = {https://www.aaai.org/Papers/KDD/1996/KDD96-037.pdf},
  pages     = {226--231},
  title     = {A density-based algorithm for discovering clusters in large spatial databases with noise},
  year      = {1996}
}

@inproceedings{CID,
  author     = {Batista, Gustavo and Wang, Xiaoyue and Keogh, Eamonn},
  booktitle  = {Proceedings of the 11th SIAM International Conference on Data Mining (SDM 2011)},
  doi        = {10.1137/1.9781611972818.60},
  month      = {4},
  pages      = {699-710},
  title      = {A Complexity-Invariant Distance Measure for Time Series},
  year       = {2011},
  bdsk-url-1 = {https://doi.org/10.1137/1.9781611972818.60}
}

@inproceedings{DTW_compare,
  author    = {R. {Giusti} and G. E. A. P. A. {Batista}},
  booktitle = {2013 Brazilian Conference on Intelligent Systems},
  pages     = {82-88},
  title     = {An Empirical Comparison of Dissimilarity Measures for Time Series Classification},
  year      = {2013}
}

@article{dtw_orig,
  author     = {R. {Bellman} and R. {Kalaba}},
  doi        = {10.1109/TAC.1959.1104847},
  issn       = {1558-3651},
  journal    = {IRE Transactions on Automatic Control},
  keywords   = {Adaptive control;Process control;Force control;Control systems;Optimal control;Differential equations;Nonlinear equations;Dynamic programming;Concrete;Random variables},
  month      = {11},
  number     = {2},
  pages      = {1-9},
  title      = {On adaptive control processes},
  volume     = {4},
  year       = {1959},
  bdsk-url-1 = {https://doi.org/10.1109/TAC.1959.1104847}
}

@techreport{dtw_review,
  author      = {Senin, Pavel},
  institution = {{University of Hawaii, USA}},
  month       = {12},
  title       = {Dynamic Time Warping Algorithm Review},
  url         = {http://seninp.github.io/assets/pubs/senin_dtw_litreview_2008.pdf},
  year        = {2008},
  bdsk-url-1  = {http://seninp.github.io/assets/pubs/senin_dtw_litreview_2008.pdf}
}

@misc{hierar_clustering,
  archiveprefix = {arXiv},
  author        = {Daniel M{\"u}llner},
  eprint        = {1109.2378},
  primaryclass  = {stat.ML},
  title         = {Modern hierarchical, agglomerative clustering algorithms},
  year          = {2011}
}

@techreport{obsbox,
  author      = {Carver, L. and Buffat, X. and Butterworth, A. and H{\"o}fle, W. and Iadarola, G. and Kotzian, G. and Li, K. and M{\'e}tral, E. and Ojeda S.andon{\'\i}s, M. and S{\"o}der{\'e}n, M. and Valuch, D.},
  doi         = {10.18429/JACoW-IPAC2017-MOPAB113},
  institution = {{CERN}, Switzerland},
  number      = {{ACC-2017-117}},
  pages       = {MOPAB113. 4 p},
  title       = {{Usage of the Transverse Damper Observation Box for High Sampling Rate Transverse Position Data in the {LHC}}},
  year        = {2017},
  bdsk-url-2  = {https://doi.org/10.18429/JACoW-IPAC2017-MOPAB113}
}

@techreport{Serrano:1263248,
  author      = {Serrano, J and Cattin, M},
  institution = {{{CERN}, Switzerland}},
  month       = {5},
  number      = {BE-Note-2010-014},
  title       = {{The {LHC} AC Dipole system: an introduction}},
  year        = {2010},
  bdsk-url-1  = {https://cds.cern.ch/record/1263248}
}

@misc{OBtable,
  howpublished = {Available at \url{http://lhcinstability.web.cern.ch/lhcinstability/csv-to-html-table/2018.html} (17/04/2020)},
  title        = {{LHC} transverse instability table 2018}
}

@article{otair2013approximate,
  author  = {Otair, Dr and others},
  journal = {arXiv preprint arXiv:1303.1951},
  title   = {Approximate k-nearest neighbour based spatial clustering using kd tree},
  year    = {2013}
}

@article{bruce2014simulations,
  author    = {R. Bruce and R.W. A{\ss}mann and V. Boccone and C. Bracco and M. Brugger and M. Cauchi and F. Cerutti and D. Deboy and A. Ferrari and L. Lari and A. Marsili and A. Mereghetti and D. Mirarchi and E. Quaranta and S. Redaelli and G. Robert-Demolaize and A. Rossi and B. Salvachua and E. Skordis and C. Tambasco and G. Valentino and T. Weiler and V. Vlachoudis and D. Wollmann},
  journal   = {Physical Review Special Topics -- Accelerators and Beams},
  number    = {8},
  pages     = {081004},
  publisher = {APS},
  title     = {{Simulations and measurements of beam loss patterns at the {CERN} Large Hadron Collider}},
  volume    = {17},
  year      = {2014}
}

@phdthesis{mostacci2001beam,
  author = {Andrea Mostacci},
  school = {University of Romeand La Sapienza},
  title  = {Beam-Wall interaction in the {LHC} liner},
  year   = {2001}
}

@article{rumolo2003electron,
  author    = {Giovanni Rumolo and AZ Ghalam and T Katsouleas and CK Huang and VK Decyk and C Ren and WB Mori and F Zimmermann and F Ruggiero},
  journal   = {Physical Review Special Topics-Accelerators and Beams},
  number    = {8},
  pages     = {081002},
  publisher = {APS},
  title     = {Electron cloud effects on beam evolution in a circular accelerator},
  volume    = {6},
  year      = {2003}
}

@article{sokolov1966synchrotron,
  author  = {Arsenij Aleksandrovi{\v{c}} Sokolov and Igor Michajlovic Ternov},
  journal = {Akademia Nauk SSSR, Moskovskoie Obshchestvo Ispytatelei prirody. Sektsia Fiziki. Sinkhrotron Radiation, Nauka Eds., Moscow, 1966 (Russian title: Sinkhrotronnoie izluchenie), 228 pp.},
  title   = {Synchrotron radiation},
  year    = {1966}
}

@inproceedings{zannini2014power,
  address   = {Dresden, Germany},
  author    = {Zannini, Carlo and Rumolo, G and Iadarola, G},
  booktitle = {5th Int. Particle Accelerator Conf. (IPAC'14)},
  pages     = {1711--1713},
  title     = {Power loss calculation in separated and common beam chambers of the {LHC}},
  year      = {2014}
}

@inproceedings{vega2017thermal,
  author       = {Vega, L and Ab{\'a}nades, A and Barnes, MJ and Vlachodimitropoulos, V and Weterings, W},
  booktitle    = {Journal of Physics: Conference Series},
  organization = {IOP Publishing},
  pages        = {012100},
  title        = {Thermal analysis of the {LHC} injection kicker magnets},
  volume       = {874},
  year         = {2017}
}

@article{saccomanno2012long,
  author    = {Saccomanno, Andrea and Laudati, Armando and Szillasi, Zoltan and Beni, Noemi and Cutolo, Antonello and Irace, Andrea and Giordano, Michele and Buontempo, Salvatore and Cusano, Andrea and Breglio, Giovanni},
  journal   = {IEEE Sensors journal},
  number    = {12},
  pages     = {3392--3398},
  publisher = {IEEE},
  title     = {Long-term temperature monitoring in {CMS} using fiber optic sensors},
  volume    = {12},
  year      = {2012}
}

@techreport{grobner1999dynamic,
  author      = {Gr{\"o}bner, Oswald},
  institution = {{CERN}},
  title       = {Dynamic outgassing},
  year        = {1999}
}

@inproceedings{salvant2013update,
  address   = {Shanghai, China},
  author    = {Salvant, B and Aberle, O and Arduini, G and A{\ss}mann, R and Baglin, V and Barnes, M and Bartmann, W and Baudrenghien, P and Berrig, O and Bracco, C and Bravin, E and Bregliozzi, G and Bruce, R and Bertarelli, A and Carra, F and Cattenoz, G and Caspers, F and Claudet, S and Day, H and Garlasche, M and Gentini, L and Goddard, B and Grudiev, A and Henrist, B and Jones, R and Kononenko, O and Lanza, G and Lari, L and Mastoridis, T and Mertens, V and M{\'e}tral, E and Mounet, N and Muller, J and Nosych, A and Nougaret, J and Persichelli, S and Piguiet, A and Redaelli, S and Roncarolo, F and Rumolo, G and Salvachua, B and Sapinski, M and Schmidt, R and Shaposhnikova, E and Tavian, L and Timmins, M and Uythoven, J and Vidal, A and Wenninger, J and Wollmann, D and Zerlauth, M and Fassnacht, P and Jakobsen, S and Deile, M},
  booktitle = {Proc. 4th International Particle Accelerator Conf. (IPAC'13)},
  pages     = {1646--1648},
  title     = {Update on beam induced {RF} heating in the {LHC}},
  year      = {2013}
}

@article{jimenez2009lhc,
  author    = {Jimenez, JM},
  journal   = {Vacuum},
  number    = {1},
  pages     = {2--7},
  publisher = {Elsevier},
  title     = {{LHC}: The world's largest vacuum systems being operated at {CERN}},
  volume    = {84},
  year      = {2009}
}

@inproceedings{goutte2005probabilistic,
  author       = {Goutte, Cyril and Gaussier, Eric},
  booktitle    = {European Conference on Information Retrieval},
  organization = {Springer},
  pages        = {345--359},
  title        = {A probabilistic interpretation of precision, recall and F-score, with implication for evaluation},
  year         = {2005}
}

@article{bergstra2012random,
  author  = {Bergstra, James and Bengio, Yoshua},
  journal = {Journal of machine learning research},
  number  = {Feb},
  pages   = {281--305},
  title   = {Random search for hyper-parameter optimization},
  volume  = {13},
  year    = {2012}
}

@article{wold1987principal,
  author    = {Wold, Svante and Esbensen, Kim and Geladi, Paul},
  journal   = {Chemometrics and intelligent laboratory systems},
  number    = {1-3},
  pages     = {37--52},
  publisher = {Elsevier},
  title     = {Principal component analysis},
  volume    = {2},
  year      = {1987}
}

@article{dudani1976distance,
  author    = {Dudani, Sahibsingh A},
  journal   = {IEEE Transactions on Systems, Man, and Cybernetics},
  number    = {4},
  pages     = {325--327},
  publisher = {IEEE},
  title     = {The distance-weighted k-nearest-neighbor rule},
  year      = {1976}
}

@article{pal1992multilayer,
  author     = {Pal, Sankar K and Mitra, Sushmita},
  doi        = {10.1109/72.159058},
  journal    = {IEEE Transactions on Neural Networks},
  pages      = {683--697},
  publisher  = {IEEE},
  title      = {Multilayer perceptron, fuzzy sets, classification},
  volume     = {3},
  year       = {1992},
  bdsk-url-1 = {https://doi.org/10.1109/72.159058}
}

@inproceedings{krogh1995neural,
  author    = {Krogh, Anders and Vedelsby, Jesper},
  booktitle = {Advances in neural information processing systems},
  pages     = {231--238},
  title     = {Neural network ensembles, cross validation, and active learning},
  year      = {1995}
}

@incollection{neyman1992two,
  author    = {Neyman, Jerzy},
  booktitle = {Breakthroughs in Statistics},
  pages     = {123--150},
  publisher = {Springer},
  title     = {On the two different aspects of the representative method: the method of stratified sampling and the method of purposive selection},
  year      = {1992}
}

@article{lavalle2004relationship,
  author    = {LaValle, Steven M and Branicky, Michael S and Lindemann, Stephen R},
  journal   = {The International Journal of Robotics Research},
  number    = {7-8},
  pages     = {673--692},
  publisher = {SAGE Publications},
  title     = {On the relationship between classical grid search and probabilistic roadmaps},
  volume    = {23},
  year      = {2004}
}

@inproceedings{krizhevsky2012imagenet,
  author    = {Krizhevsky, Alex and Sutskever, Ilya and Hinton, Geoffrey E},
  booktitle = {Advances in neural information processing systems},
  pages     = {1097--1105},
  title     = {Imagenet classification with deep convolutional neural networks},
  year      = {2012}
}

@article{bruce15_PRSTAB_betaStar,
  author     = {Bruce, R. and A{\ss}mann, R. W. and Redaelli, S.},
  doi        = {10.1103/PhysRevSTAB.18.061001},
  issue      = {6},
  journal    = {Phys. Rev. ST Accel. Beams},
  month      = {6},
  numpages   = {16},
  pages      = {061001},
  publisher  = {American Physical Society},
  title      = {{Calculations of safe collimator settings and ${\ensuremath{\beta}}^{*}$ at the {CERN} Large Hadron Collider}},
  url        = {http://link.aps.org/doi/10.1103/PhysRevSTAB.18.061001},
  volume     = {18},
  year       = {2015},
  bdsk-url-1 = {http://link.aps.org/doi/10.1103/PhysRevSTAB.18.061001},
  bdsk-url-2 = {https://doi.org/10.1103/PhysRevSTAB.18.061001}
}

@article{bruce17_NIM_beta40cm,
  author     = {R. Bruce and C. Bracco and R. De Maria and M. Giovannozzi and A. Mereghetti and D. Mirarchi and S. Redaelli and E. Quaranta and B. Salvachua},
  doi        = {http://dx.doi.org/10.1016/j.nima.2016.12.039},
  journal    = {Nucl. Instrum. Methods Phys. Res. A},
  month      = {1},
  pages      = {19 - 30},
  title      = {Reaching record-low $\beta^*$ at the {{CERN} Large Hadron Collider} using a novel scheme of collimator settings and optics},
  url        = {http://www.sciencedirect.com/science/article/pii/S0168900216313092},
  volume     = {848},
  year       = {2017},
  bdsk-url-1 = {http://www.sciencedirect.com/science/article/pii/S0168900216313092},
  bdsk-url-2 = {http://dx.doi.org/10.1016/j.nima.2016.12.039}
}
	
@article{PhysRevSTAB.10.064003,
  title     = {Emittance sharing and exchange driven by linear betatron coupling in circular accelerators},
  author    = {Franchi, A. and M\'etral, E. and Tom\'as, R.},
  journal   = {Phys. Rev. ST Accel. Beams},
  volume    = {10},
  issue     = {6},
  pages     = {064003},
  numpages  = {14},
  year      = {2007},
  month     = {6},
  publisher = {American Physical Society},
  doi       = {10.1103/PhysRevSTAB.10.064003},
  url       = {https://link.aps.org/doi/10.1103/PhysRevSTAB.10.064003}
}

@article{PhysRevAccelBeams.23.044003,
  title     = {Theory of emittance exchange through coupling resonance crossing},
  author    = {Aiba, M. and Kallestrup, J.},
  journal   = {Phys. Rev. Accel. Beams},
  volume    = {23},
  issue     = {4},
  pages     = {044003},
  numpages  = {6},
  year      = {2020},
  month     = {4},
  publisher = {American Physical Society},
  doi       = {10.1103/PhysRevAccelBeams.23.044003},
  url       = {https://link.aps.org/doi/10.1103/PhysRevAccelBeams.23.044003}
}

@article{gianni1,
  author  = {{G. Iadarola}},
  title   = {{Beam lifetime in collision - {LHC} experience}},
  journal = {Presentation at the 160th HiLumi WP2 Meeting},
  doi     = { https://indico.cern.ch/event/850136/contributions/3572984/},
  year    = {2020}
}

@misc{gianni2,
  author = {{G. Iadarola}},
  title  = {{Private communication}},
  year   = {2020}
}

@article{griesmayer:dblm,
  author  = {Griesmayer, E. and Dehning, B.},
  year    = {2012},
  month   = {12},
  pages   = {1997-2004},
  title   = {Diamonds for Beam Instrumentation},
  volume  = {37},
  journal = {Physics Procedia},
  doi     = {10.1016/j.phpro.2012.02.526}
}

@book{Benedikt:823808,
  address       = {Geneva},
  author        = {Benedikt, M. and Collier, P. and Mertens, V. and Poole, J. and Schindl, K.},
  date-added    = {2014-12-18 14:07:35 +0000},
  date-modified = {2014-12-18 14:07:35 +0000},
  publisher     = {CERN},
  title         = {{LHC Design Report}},
  year          = {2004}
}


@misc{hllhc-reference-parameters,
  date-added    = {2020-02-17 14:35:55 +0100},
  date-modified = {2020-02-17 14:36:25 +0100},
  title         = {{HL--LHC baseline parameters}},
  howpublished  = {\url{https://espace.cern.ch/HiLumi/WP2/Wiki/HL--LHC\%20Parameters.asp}}
}


@article{Assmann:914637,
  author        = {A\ss{}mann, R. W. and Jeanneret, J. B. and Kaltchev, D. I.},
  date-added    = {2020-02-17 13:59:47 +0100},
  date-modified = {2020-02-17 13:59:47 +0100},
  title         = {{Status of Robustness Studies for the {LHC} Collimation}},
  year          = {2001},
  howpublished  = {\url{https://cds.cern.ch/record/914637}}
}


@misc{liu-project,
  date-added    = {2020-02-17 14:02:56 +0100},
  date-modified = {2020-02-17 14:03:24 +0100},
  title         = {{LHC Injector Upgrade Project}},
  howpublished  = {\url{https://espace.cern.ch/liu-project/default.aspx}}
}


@article{PhysRevSTAB.16.021003,
  author        = {Valentino, G. and A\ss{}mann, R. and Bruce, R. and Burkart, F. and Previtali, V. and Redaelli, S. and Salvachua, B. and Stancari, G. and Valishev, A.},
  date-added    = {2020-02-17 15:41:35 +0100},
  date-modified = {2020-02-17 15:41:35 +0100},
  doi           = {10.1103/PhysRevSTAB.16.021003},
  issue         = {2},
  journal       = {Phys. Rev. ST Accel. Beams},
  month         = {2},
  numpages      = {10},
  pages         = {021003},
  publisher     = {American Physical Society},
  title         = {{Beam diffusion measurements using collimator scans in the LHC}},
  url           = {https://link.aps.org/doi/10.1103/PhysRevSTAB.16.021003},
  volume        = {16},
  year          = {2013},
  bdsk-url-1    = {https://link.aps.org/doi/10.1103/PhysRevSTAB.16.021003},
  bdsk-url-2    = {https://doi.org/10.1103/PhysRevSTAB.16.021003}
}


@book{Apollinari:2116337,
  address       = {Geneva},
  author        = {Apollinari, G. and B{\'e}jar Alonso, I. and Br{\"u}ning, O. and Lamont, M. and Rossi, L.},
  date-added    = {2020-02-17 14:02:41 +0100},
  date-modified = {2020-02-17 14:02:41 +0100},
  doi           = {10.5170/CERN-2015-005},
  publisher     = {CERN},
  series        = {{CERN} Yellow Reports: Monographs},
  title         = {{High-Luminosity Large Hadron Collider ({HL--LHC}): Preliminary Design Report}},
  year          = {2015},
  bdsk-url-2    = {https://doi.org/10.5170/CERN-2015-005}
}



@article{MESS1994279,
  abstract      = {The proton ring of HERA is equipped with several transverse movable collimators. The analysis of beam halo induced particle losses, observed downstream of the collimator location, can be used for very sensitive measurements of beam properties. Possible applications are: the determination of the machine acceptance in a passive way, the measurement of transverse diffusion rates in the beam halo and the detection of small beam oscillations at low frequencies.},
  author        = {K.-H. Mess and M. Seidel},
  date-added    = {2020-02-17 14:01:41 +0100},
  date-modified = {2020-02-17 14:01:41 +0100},
  doi           = {10.1016/0168-9002(94)91354-4},
  issn          = {0168-9002},
  journal       = {Nucl. Instrum. Meth. A},
  number        = {2},
  pages         = {279 - 285},
  title         = {{Collimators as diagnostic tools in the proton machine of HERA}},
  url           = {http://www.sciencedirect.com/science/article/pii/0168900294913544},
  volume        = {351},
  year          = {1994},
  bdsk-url-1    = {http://www.sciencedirect.com/science/article/pii/0168900294913544},
  bdsk-url-2    = {https://doi.org/10.1016/0168-9002(94)91354-4}
}


@techreport{Valentino:1480603,
  author        = {Valentino, G. and Assmann, R. and Bruce, R. and Burkart, F. and Redaelli, S. and Salvachua, B. and Previtali, V. and Stancari, G. and Valishev, A.},
  date-added    = {2017-07-31 12:40:14 +0000},
  date-modified = {2017-07-31 12:40:14 +0000},
  month         = {9},
  number        = {{CERN}-ATS-Note-2012-074 MD},
  title         = {{Halo Scraping, Diffusion and Repopulation MD}},
  year          = {2012},
  bdsk-url-1    = {https://cds.cern.ch/record/1480603}
}




@techreport{Valentino:2280928,
  author        = {Valentino, G. and Bruce, R. and Gorzawski, A. and Redaelli, S. and Trad, G. and Wagner, J. and Xu, C.},
  date-added    = {2019-12-18 10:54:55 +0100},
  date-modified = {2019-12-18 10:54:55 +0100},
  month         = {7},
  number        = {{CERN}-ACC-NOTE-2017-0049},
  title         = {{End-of-Fill Diffusion and Halo Population Measurements with Physics Beams at 6.5 TeV}},
  year          = {2017},
  bdsk-url-1    = {https://cds.cern.ch/record/2280928}
}



@techreport{Wenninger:2668326,
  author        = {Wenninger, J.},
  date-added    = {2020-02-17 14:13:08 +0100},
  date-modified = {2020-02-17 14:13:08 +0100},
  month         = {3},
  number        = {{CERN}-ACC-NOTE-2019-0007},
  title         = {{Operation and Configuration of the {LHC} in Run 2}},
  year          = {2019},
  bdsk-url-1    = {https://cds.cern.ch/record/2668326}
}



@conference{tevatronScraping,
  author        = {Stancari, G. and Annala, G. and Johnson, T. and Still, D. and Valishev, A.},
  booktitle     = {Proceedings of IPAC2011, San Sebasti{\'a}n, Spain},
  date-added    = {2020-02-17 14:16:04 +0100},
  date-modified = {2020-02-17 14:17:31 +0100},
  month         = {1},
  number        = {TUPZ033},
  pages         = {1882-1884},
  title         = {{Measurements of Transverse Beam Diffusion Rates in the Fermilab Tevatron Collider}},
  year          = {2011}
}


@techreport{Gorzawski:2320644,
  author        = {Gorzawski, A. and Redaelli, S. and Fuster Martinez, N. and Garcia Morales, H. and Mereghetti, Alessio and Xu, C. and Valentino, G. and Appleby, R. B.},
  date-added    = {2018-07-28 14:00:05 +0200},
  date-modified = {2018-07-28 14:00:05 +0200},
  month         = {5},
  number        = {{CERN}-ACC-NOTE-2018-0041},
  title         = {{Fast loss analysis with {LHC} diamond detectors in 2017}},
  year          = {2018},
  bdsk-url-1    = {http://cds.cern.ch/record/2320644}
}



@misc{stancari2011diffusion,
  title         = {Diffusion model for the time evolution of particle loss rates in collimator scans: a method for measuring stochastic transverse beam dynamics in circular accelerators},
  author        = {G. Stancari},
  doi           = {10.48550/ARXIV.1108.5010},
  date-added    = {2020-02-17 14:20:20 +0100},
  date-modified = {2020-02-17 14:20:20 +0100},
  howpublished  = {arXiv:1108.5010 [physics.acc-ph]},
  year          = {2011}
}


@article{bazzani2020diffusion,
  title     = {Analysis of the non-linear beam dynamics at top energy for the {CERN} {Large Hadron Collider} by means of a diffusion model},
  author    = {Bazzani, A. and Giovannozzi, M. and Maclean, E.H.},
  journal   = {Eur. Phys. J. Plus},
  volume    = {135},
  number    = {1},
  pages     = {77},
  year      = {2020},
  publisher = {Springer Berlin Heidelberg},
  doi       = {10.1140/epjp/s13360-020-00123-2}
}


@article{PhysRevSTAB.15.051002,
  author        = {Valentino, G. and A\ss{}mann, R. and Bruce, R. and Redaelli, S. and Rossi, A. and Sammut, N. and Wollmann, D.},
  date-added    = {2018-11-19 14:17:33 +0100},
  date-modified = {2018-11-19 14:17:33 +0100},
  doi           = {10.1103/PhysRevSTAB.15.051002},
  issue         = {5},
  journal       = {Phys. Rev. ST Accel. Beams},
  month         = {5},
  numpages      = {12},
  pages         = {051002},
  publisher     = {American Physical Society},
  title         = {{Semiautomatic beam-based {LHC} collimator alignment}},
  url           = {https://link.aps.org/doi/10.1103/PhysRevSTAB.15.051002},
  volume        = {15},
  year          = {2012},
  bdsk-url-1    = {https://link.aps.org/doi/10.1103/PhysRevSTAB.15.051002},
  bdsk-url-2    = {https://doi.org/10.1103/PhysRevSTAB.15.051002}
}

@article{PhysRevSTAB.16.111002,
  title     = {Achromatic telescopic squeezing scheme and application to the {LHC} and its luminosity upgrade},
  author    = {Fartoukh, S.},
  journal   = {Phys. Rev. ST Accel. Beams},
  volume    = {16},
  issue     = {11},
  pages     = {111002},
  numpages  = {25},
  year      = {2013},
  month     = {11},
  publisher = {American Physical Society},
  doi       = {10.1103/PhysRevSTAB.16.111002},
  url       = {https://link.aps.org/doi/10.1103/PhysRevSTAB.16.111002}
}

@techreport{Carlier:2290899,
  author       = {Carlier, F. S. and Coello De Portugal - Martinez
                  Vazquez, J. M. and Fartoukh, S. and Fol, E.
                  and Gamba, D. and Garcia-Tabares Valdivieso, A. and
                  Giovannozzi, M. and Hofer, M. and Langner, A.
                  S. and Maclean, E. H. and Malina, L. and Medina
                  Medrano, L. M. and Persson, T. H. B. and
                  Skowronski, P. K.  and Tomas Garcia, R. and
                  Van Der Veken, F. and Wegscheider, A.},
  title        = {{Optics Measurements and Correction Challenges for the
                  {HL--LHC}}},
  institution  = {{CERN}},
  address      = {Geneva},
  number       = {{CERN}-ACC-2017-0088},
  month        = {10},
  year         = {2017},
  reportnumber = {{CERN}-ACC-2017-0088}
}



@book{Davison:BootstrapMethods:1997,
  author        = {Davison, A. C. and Hinkley, D. V.},
  date-added    = {2020-02-12 14:49:37 +0100},
  date-modified = {2020-02-12 14:49:37 +0100},
  doi           = {10.1017/cbo9780511802843},
  title         = {Bootstrap Methods and Their Application},
  year          = 1997,
  bdsk-url-1    = {https://doi.org/10.1017/cbo9780511802843}
}

@book{Efron:IntroBootstrap:1993,
  address       = {Boston, MA},
  author        = {Efron, B. and Tibshirani, R. J.},
  date-added    = {2020-02-12 14:49:26 +0100},
  date-modified = {2020-02-12 14:49:26 +0100},
  doi           = {10.1007/978-1-4899-4541-9},
  isbn          = {978-0-412-04231-7},
  publisher     = {Springer US},
  title         = {An Introduction to the Bootstrap},
  url           = {http://link.springer.com/10.1007/978-1-4899-4541-9},
  year          = 1993,
  bdsk-url-1    = {http://link.springer.com/10.1007/978-1-4899-4541-9},
  bdsk-url-2    = {https://doi.org/10.1007/978-1-4899-4541-9}
}


@techreport{Roderick:1215574,
  address       = {Geneva},
  author        = {Roderick, C. and Billen, R. and Gaspar Aparicio, R. D. and Grancher, E. and Khodabandeh, A. and Segura Chinchilla, N.},
  date-added    = {2020-02-17 14:28:41 +0100},
  date-modified = {2020-02-17 14:28:41 +0100},
  institution   = {CERN},
  month         = {11},
  number        = {{CERN}-ATS-2009-099},
  reportnumber  = {{CERN}-ATS-2009-099},
  title         = {{The LHC Logging Service : Handling terabytes of on-line data}},
  year          = {2009},
  bdsk-url-1    = {https://cds.cern.ch/record/1215574}
}


@inproceedings{Trad:2016jsv,
  address       = {Geneva},
  author        = {Trad, G. and Baud, G. and Bravin, E. and Dehning, B. and Ferroluzzi, M. and Goldblatt, A. and Piselli, E. and Roncarolo, F. and Storey, J. and Veyrat, Q.},
  booktitle     = {{Proceedings, 6th Evian Workshop on LHC beam operation: Evian Les Bains, France, December 15-17, 2015}},
  date-added    = {2020-02-17 14:32:06 +0100},
  date-modified = {2020-02-17 14:32:06 +0100},
  organization  = {CERN},
  pages         = {163-170},
  publisher     = {CERN},
  slaccitation  = {%%CITATION = INSPIRE-1637718;%%},
  title         = {{Status of the beam profile measurements at the LHC}},
  year          = {2016}
}

@conference{agorzawski-halostudies-hllhc,
  address       = {Madrid, Spain},
  author        = {Gorzawski, A.},
  booktitle     = {7th {HL--LHC} Collaboration Meeting},
  date-added    = {2020-02-17 14:32:47 +0100},
  date-modified = {2020-02-17 14:33:51 +0100},
  month         = {11},
  title         = {Halo cleaning: What have we learned from 2017},
  year          = {2017}
}

@techreport{Salvachua:1574586,
  author        = {Salvachua, B. and Assmann, R. W. and Bruce, R. and Burkart, F. and Redaelli, S. and Valentino, G. and Wollmann, D.},
  date-added    = {2019-12-18 16:37:36 +0100},
  date-modified = {2019-12-18 16:37:36 +0100},
  month         = {5},
  number        = {{CERN}-ACC-2013-0072},
  pages         = {3 p},
  number        = {{CERN}-ACC-2013-0072},
  title         = {{Lifetime Analysis at High Intensity Colliders Applied to the LHC}},
  year          = {2013},
  bdsk-url-1    = {https://cds.cern.ch/record/1574586}
}



@phdthesis{Seidel:1994xz,
  author        = {Seidel, M.},
  date-added    = {2020-01-21 16:34:28 +0100},
  date-modified = {2020-01-21 16:34:28 +0100},
  reportnumber  = {DESY-94-103},
  school        = {Hamburg U.},
  slaccitation  = {%%CITATION = DESY-94-103;%%},
  title         = {{The Proton collimation system of HERA}},
  year          = {1994}
}



@techreport{Iadarola:2298915,
  author        = {Iadarola, G. and Rumolo, G. and Dijkstal, P. and Mether, L.},
  date-added    = {2020-02-17 14:39:49 +0100},
  date-modified = {2020-02-17 14:39:49 +0100},
  month         = {12},
  number        = {{CERN}-ACC-NOTE-2017-0066},
  title         = {{Analysis of the beam induced heat loads on the LHC arc beam screens during Run 2}},
  year          = {2017},
  bdsk-url-1    = {https://cds.cern.ch/record/2298915}
}

@techreport{opAndConfOfTheLHCinRun1,
  author        = {Alemany-Fernandez, R. and Bravin, E. and Drosdal, L. and Gorzawski, A. and Kain, V. and Lamont, M. and Macpherson, A. and Papotti, G. and Pojer, M. and Ponce, L. and Redaelli, S. and Roy, G. and Solfaroli Camillocci, M. and Venturini, W. and Wenninger, J.},
  date-added    = {2013-11-26 11:24:05 +0000},
  date-modified = {2013-11-26 11:24:45 +0000},
  journal       = {{CERN} Document Server},
  number        = {{CERN}-ACC-NOTE-2013-0041},
  month         = {11},
  title         = {{Operation and Configuration of the LHC in Run 1}},
  year          = {2013}
}

@inproceedings{Gorzawski:IPAC2017-THPAB042,
  address       = {Geneva, Switzerland},
  author        = {A. A. Gorzawski and K. Fuchsberger and M. Hostettler and T. Pieloni and J. Wenninger},
  booktitle     = {Proc. of International Particle Accelerator Conference (IPAC'17), Copenhagen, Denmark, 14-19 May, 2017},
  date-added    = {2017-07-31 12:42:19 +0000},
  date-modified = {2017-07-31 12:42:19 +0000},
  doi           = {https://doi.org/10.18429/JACoW-IPAC2017-THPAB042},
  isbn          = {978-3-95450-182-3},
  keywords      = {luminosity, simulation, operation, emittance, closed-orbit},
  month         = {5},
  note          = {https://doi.org/10.18429/JACoW-IPAC2017-THPAB042},
  number        = {8},
  pages         = {3799--3802},
  paper         = {THPAB042},
  publisher     = {JACoW},
  series        = {International Particle Accelerator Conference},
  title         = {{Long-Range Beam-Beam Orbit Effects in LHC, Simulations and Observations From Machine Operation in 2016}},
  url           = {http://jacow.org/ipac2017/papers/thpab042.pdf},
  venue         = {Copenhagen, Denmark},
  year          = {2017},
  bdsk-url-1    = {http://jacow.org/ipac2017/papers/thpab042.pdf},
  bdsk-url-2    = {https://doi.org/10.18429/JACoW-IPAC2017-THPAB042}
}

@article{PhysRevAccelBeams.21.102801,
  title     = {Luminosity scans for beam diagnostics},
  author    = {Hostettler, M. and Fuchsberger, K. and Papotti, G. and Papaphilippou, Y. and Pieloni, T.},
  journal   = {Phys. Rev. Accel. Beams},
  volume    = {21},
  issue     = {10},
  pages     = {102801},
  numpages  = {10},
  year      = {2018},
  month     = {10},
  publisher = {American Physical Society},
  doi       = {10.1103/PhysRevAccelBeams.21.102801},
  url       = {https://link.aps.org/doi/10.1103/PhysRevAccelBeams.21.102801}
}

@techreport{Herr:314386,
  address       = {Geneva},
  author        = {Herr, W.},
  date-added    = {2020-02-17 14:52:21 +0100},
  date-modified = {2020-02-17 14:52:21 +0100},
  institution   = {CERN},
  month         = {7},
  number        = {{CERN}-LHC-Project-Report-39},
  reportnumber  = {{LHC}-Project-Report-39},
  title         = {{Effects of PACMAN bunches in the LHC}},
  year          = {1996},
  bdsk-url-1    = {https://cds.cern.ch/record/314386}
}



@incollection{syphersEmittanceDiffusion,
  address       = {Singapore},
  author        = {M. Syphers},
  booktitle     = {Handbook of Accelerator Physics and Engineering},
  date-added    = {2020-02-17 14:53:18 +0100},
  date-modified = {2020-02-17 14:55:50 +0100},
  pages         = {310},
  publisher     = {World Scientific},
  title         = {Emittance dilution effects},
  year          = {2013}
}


@misc{stancari2011new,
  title         = {New methods of particle collimation in colliders},
  author        = {G. Stancari},
  year          = {2011},
  eprint        = {1110.0144},
  archiveprefix = {arXiv},
  primaryclass  = {physics.acc-ph}
}

@techreport{Gasior:895142,
  author = {Gasior, M. and Jones, R.},
  title  = {{High Sensitivity Tune Measurement by Direct Diode
            Detection}},
  number = {{CERN}-AB-2005-060},
  pages  = {3 p},
  month  = {4},
  year   = {2005}
}

@techreport{michiEmittance2016,
  address       = {{CERN} Geneva},
  author        = {M. Hostettler},
  date-added    = {2020-02-17 15:11:52 +0100},
  date-modified = {2020-02-17 15:13:09 +0100},
  institution   = {{{CERN} LHC Operation meeting}},
  month         = {6},
  title         = {Luminosity evolution and optimum fill length},
  year          = {2016}
}

@inproceedings{michiEmittance2017,
  address       = {Geneva},
  author        = {M. Hostettler},
  booktitle     = {Proceedings of 8th {LHC} Operation Workshop},
  date-added    = {2020-02-17 15:13:23 +0100},
  date-modified = {2020-02-17 15:18:22 +0100},
  editor        = {Argyropoulos, Theodoros and  Dubourg, Sylvia,  and Trad, Georges},
  pages         = {157-160},
  title         = {Emittance evolution in the {LHC}},
  year          = {2019}
}


@article{blmSystem1,
  author   = {B. Dehning},
  title    = {Beam Loss Monitors at {LHC}},
  journal  = {{CERN} Yellow Reports},
  volume   = {2},
  number   = {0},
  year     = {2016},
  keywords = {Machine protection; equipment protection; beam loss; dependability.},
  abstract = {One of the main functions of the {LHC} beam loss measurement system is the protection of equipment against damage caused by impacting particles creating secondary showers and their energy dissipation in the matter. Reliability requirements are scaled according to the acceptable consequences and the frequency of particle impact events on equipment. Increasing reliability often leads to more complex systems. The downside of complexity is a reduction of availability; therefore, an optimum has to be found for these conflicting requirements. A detailed review of selected concepts and solutions for the {LHC} system will be given to show approaches used in various parts of the system from the sensors, signal processing, and software implementations to the requirements for operation and documentation.},
  url      = {https://e-publishing.cern.ch/index.php/CYR/article/view/238},
  pages    = {303}
}

@inproceedings{blmSystem2,
  address       = {Honolulu, HI},
  author        = {Ch. Zamantzas and B. Defining and E. Effinger and J. Emery and G. Ferioli and S. Jackson,},
  booktitle     = {IEEE Nuclear Science Symposium Conference Record},
  date-added    = {2020-02-17 15:31:03 +0100},
  date-modified = {2020-02-17 15:53:20 +0100},
  pages         = {2331-2335},
  title         = {The {LHC} beam loss monitoring system's data contribution to other systems},
  year          = {2007}
}

@incollection{ellison1999noise,
  title     = {Noise effects in accelerators},
  author    = {Ellison, J. A.},
  booktitle = {Beam Measurement},
  pages     = {428--450},
  year      = {1999},
  publisher = {World Scientific},
  address   = {Hackensack, NJ},
  doi       = {10.1142/9789812818003_0019}
}

@mastersthesis{Montanari:2728138,
  author = {Montanari, C.E.},
  title  = {Diffusive approach for non-linear beam dynamics in a circular accelerator},
  school = {Department of Physics and Astronomy, Alma Mater Studiorum -- University of Bologna},
  year   = {2019},
  url    = {https://cds.cern.ch/record/2728138},
  type   = {Master Thesis},
  note   = {CERN-THESIS-2019-383}
}

@inproceedings{crank1947practical,
  title        = {A practical method for numerical evaluation of solutions of partial differential equations of the heat-conduction type},
  author       = {Crank, J. and Nicolson, P.},
  booktitle    = {Mathematical Proceedings of the Cambridge Philosophical Society},
  volume       = {43},
  pages        = {50--67},
  year         = {1947},
  organization = {Cambridge University Press},
  doi          = {10.1017/S0305004100023197}
}

@book{hannes1996fokker,
  title     = {The Fokker-Planck Equation},
  subtitle  = {Methods of Solution and Applications},
  author    = {Hannes, R. and
               Till, F.},
  year      = {1996},
  publisher = {Springer},
  address   = {Berlin, Heidelberg},
  doi       = {10.1007/978-3-642-61544-3}
}

@inproceedings{montanari:ipac2021:tupab233,
  author    = {C. E. Montanari and A. Bazzani and M. Giovannozzi},
  title     = {{Diffusive Models for Nonlinear Beam Dynamics}},
  booktitle = {Proc. IPAC'21},
  pages     = {1976--1979},
  eid       = {TUPAB233},
  language  = {english},
  keywords  = {hadron, collider, dynamic-aperture, experiment, beam-losses},
  venue     = {Campinas, SP, Brazil},
  series    = {International Particle Accelerator Conference},
  number    = {12},
  publisher = {JACoW Publishing, Geneva, Switzerland},
  month     = {8},
  year      = {2021},
  issn      = {2673-5490},
  isbn      = {978-3-95450-214-1},
  doi       = {10.18429/JACoW-IPAC2021-TUPAB233},
  url       = {https://jacow.org/ipac2021/papers/tupab233.pdf},
  abstract  = {{Diffusive models for representing the nonlinear beam dynamics in a circular accelerator ring have been developed in recent years. The novelty of the work presented here with respect to older approaches is that the functional form of the diffusion coefficient is derived from the time stability estimate of the Nekhoroshev theorem. In this paper, we discuss the latest results obtained for simple models of nonlinear betratron motion.}}
}

@book{thomas2013numerical,
  title     = {Numerical partial differential equations: finite difference methods},
  author    = {Thomas, J. W.},
  volume    = {22},
  year      = {2013},
  publisher = {Springer Science \& Business Media},
  doi       = {10.1007/978-1-4899-7278-1}
}